2960 4516
1207 225 1254 310 31

131 399 160 473 οἱ
191 399 225 472 δέ
257 400 379 482 πλείους
412 395 523 492 ἀνοδιᾴ
555 397 643 469 κατὰ
677 403 736 488 τῆς
767 397 859 488 νήσου
893 397 1102 486 διεσπάρησαν
1135 403 1185 468 76.
1217 404 1259 469 10

130 507 376 592 ἐσκεδασμένους
392 503 479 572 κατὰ
502 510 560 592 τῆς
581 503 686 591 χώρας
709 507 780 570 102.
806 508 822 569 1
845 501 932 570 κατὰ
952 509 1012 592 τῆς
1026 503 1130 588 χώρας
1145 509 1258 572 σκεδαν

129 609 254 696 νὺμενον
294 613 359 676 ΛΘ.
390 610 419 672 9.
452 609 492 674 10
524 603 624 694 ἠλᾶτο
658 603 744 672 κατὰ
775 612 834 693 τῆς
865 605 970 692 χώρας
1001 609 1046 670 ΙΕ
1076 609 1127 672 36.
1160 611 1180 673 8
1213 607 1256 676 τὰ
1366 675 1370 684 ,

129 711 268 781 καλόλου
279 707 366 777 κατὰ
376 705 418 776 τοὶ
432 714 491 798 τῆς
507 709 687 795 οἰκουμένης
698 707 880 796 πράγματα.
913 709 1030 793 Neque
1045 710 1140 774 aliter
1153 715 1191 777 B'.
1203 715 1255 778 38.

131 820 147 879 1
172 814 366 902 ἐπεκράτησε
386 810 421 878 τὸ
443 817 502 878 τῶν
513 809 640 898 Ἀχαιῶν
660 811 760 898 ’ὄνομα
774 809 860 878 κατὰ
874 809 995 879 πάντων
1008 813 1257 898 Πελοποννησίων

5 951 6 970 ι
129 919 362 1000 interpretatus
399 914 491 979 erim:
526 913 748 996 „Achivorum
780 936 897 980 nomen
930 935 989 998 per
1018 936 1128 980 omnes
1161 916 1256 981 Pelo·

129 1019 303 1102 pennesios
326 1018 400 1104 (nos
422 1015 575 1103 iiberhin)
598 1018 684 1082 viam
707 1016 771 1082 sibi
793 1017 951 1101 aperuit.“
988 1016 1086 1102 Quod
1108 1017 1256 1082 adhunc

129 1121 237 1186 locum
251 1119 425 1202 Luettgius
450 1118 498 1203 (in
521 1118 597 1184 diss.
613 1139 674 1184 sua
692 1141 723 1202 p.
741 1120 796 1205 15)
819 1118 956 1184 adnotat
969 1117 1056 1185 κατὰ
1073 1119 1256 1203 significare

129 1221 183 1287 hio
212 1222 299 1288 idem
320 1241 358 1288 ac
380 1218 449 1304 περὶ
471 1219 647 1286 concedere
668 1243 734 1286 non
761 1242 905 1306 possum,
932 1241 1006 1284 cum
1027 1220 1113 1287 κατὰ
1135 1243 1162 1286 c.
1184 1242 1256 1304 gen.

5 1361 7 1410 ;
129 1325 220 1390 nullo
247 1324 318 1388 loco
346 1311 432 1406 apud
459 1322 633 1406 Polybium
662 1322 783 1388 haheat
811 1323 895 1388 hano
923 1322 1064 1388 eandem¹
1082 1324 1255 1405 notionem,

130 1447 171 1490 nc
193 1427 227 1490 in
250 1425 353 1490 altero
377 1423 507 1508 quidem
529 1425 611 1506 loco,
636 1446 732 1507 quem
754 1424 957 1508 potissimum
971 1423 1146 1508 Luettgius
1163 1423 1259 1490 affert

5 1575 6 1590 .
132 1535 165 1592 Δ.
188 1529 240 1593 50.
264 1530 283 1591 3
307 1527 462 1613 μηδεμίαν
486 1521 633 1614 ἀφορμὴν,
650 1525 758 1612 μηδενὶ
779 1530 961 1592 καταλιπεῖν
984 1525 1064 1613 μήτε
1085 1525 1172 1593 κατὰ
1199 1531 1259 1594 τῶν

131 1627 270 1715 έμπέρων
313 1627 392 1716 μήτε
432 1627 501 1713 περὶ
540 1627 613 1706 τοὺς
652 1627 795 1707 δοὺλουςς
841 1628 960 1692 etenim
1003 1634 1091 1694 recte
1134 1629 1259 1694 iudicat

131 1730 326 1797 Hultschius
361 1733 395 1796 in
424 1730 536 1815 philol.
559 1730 660 1811 XIV,
694 1752 725 1813 p.
750 1733 845 1795 318-
858 1733 908 1795 19.
956 1729 1043 1813 „Die
1064 1730 1260 1814 Bedeutung

132 1835 175 1916 ,in
196 1831 341 1915 Betreff‘,
376 1833 428 1897 die
462 1854 497 1898 er
531 1832 847 1924 (Schweighaeuser)
881 1833 934 1898 fiir
964 1831 1050 1899 κατὰ
1080 1854 1107 1898 o.
1129 1853 1202 1916 gen.
1225 1832 1259 1897 iu

132 1934 309 2019 Anspruoh
330 1935 455 2016 nimmt,
477 1934 580 1998 findet
601 1934 671 1998 sich
692 1934 746 1998 bei
761 1934 919 2018 Polybius
942 1933 1103 2017 nirgends
1137 1934 1179 1998 In
1201 1933 1260 2009 der

132 2038 276 2120 einzigen
291 2035 401 2117 Stelle,
419 2037 471 2101 die
483 2038 542 2100 mit
557 2037 695 2119 einigem
710 2035 817 2101 Recht
832 2035 928 2100 dafiir
942 2033 1117 2118 sngefuhrt
1131 2035 1259 2101 werden

131 2137 266 2220 kdnnte,
301 2143 334 2202 Δ.
357 2140 407 2202 50.
432 2140 451 2201 3
473 2138 555 2202 lasst
583 2137 653 2202 sich
680 2133 806 2224 ἀφορμὴ
838 2136 924 2202 κατα
950 2160 1031 2216 τινος
1060 2138 1135 2202 weit
1157 2158 1254 2221 ange·
1324 2149 1328 2168 ¹

137 2261 281 2304 messuer
302 2241 410 2304 fassen
432 2240 480 2304 als
503 2238 712 2323 ,Stiitzpunkt
734 2261 837 2322 gegen
859 2239 884 2304 J
886 2238 1063 2319 emanden‘;
1094 2239 1179 2318 denn
1207 2239 1261 2305 die

132 2340 319 2424 Byzantion,
344 2343 392 2406 als
415 2340 468 2405 dic
486 2340 691 2406 nat'drlichen
709 2341 866 2405 Waohter
888 2339 947 2404 der
961 2339 1154 2420 Schifffahrt
1175 2341 1261 2408 nach

140 2441 214 2506 dem
255 2443 382 2508 Pontus
424 2442 555 2507 diusmo
594 2441 714 2507 keiuen
758 2440 951 2507 feindlichen
989 2443 1083 2507 Platz
1126 2443 1161 2506 in
1203 2442 1261 2508 der

132 2544 228 2610 Nahe
249 2544 388 2610 leiden.“

217 2645 348 2729 Restat,
382 2652 419 2711 ut
452 2667 611 2730 exponam
644 2649 722 2731 quid
754 2647 883 2732 Polybii
916 2649 950 2712 in
981 2647 1154 2713 verborum
1187 2669 1260 2714 cum

133 2743 218 2812 κατὰ
256 2748 505 2832 compositorum
540 2772 602 2815 usu
637 2749 805 2832 proprium
834 2750 886 2814 sit.
945 2748 1028 2814 Cum
1062 2751 1096 2814 in
1127 2750 1259 2838 'univer-

132 2870 203 2913 sum
237 2848 409 2914 dicendum
441 2850 500 2932 sit,
545 2851 639 2916 illum
681 2851 761 2916 haec
797 2851 901 2934 magis
934 2872 1033 2934 quam
1065 2872 1261 2936 quemquam

132 2953 277 3036 priorum
310 2952 505 3036 scriptorum
532 2953 707 3016 adamare:
740 2952 803 3018 hoc
837 2974 909 3017 cum
925 2973 977 3016 ex
1010 2953 1118 3018 studio
1151 2955 1261 3021 oculos

132 3074 291 3136 auresque
328 3054 548 3120 vehementius
581 3055 820 3139 perstringendi
857 3060 926 3119 tum
970 3053 1080 3119 hiatus
1118 3056 1260 3122 evitandi

133 3161 272 3220 emanat.
322 3150 477 3240 Ὑστερεῖυ
510 3162 586 3239 post
618 3162 832 3223 consonantes
865 3157 961 3222 modo
998 3157 1153 3240 legimus,
1186 3163 1262 3240 post

133 3258 260 3322 vocales
303 3278 429 3340 semper
469 3263 673 3346 καὲιυστερεῖν
709 3264 745 3324 Β.
782 3262 830 3324 11.
866 3262 886 3324 3
918 3257 1046 3346 ἄκριτον
1086 3256 1259 3348 ὑστερήσας
1375 3311 1378 3316 -

135 3357 170 3424 δὲ
192 3396 232 3406 -
257 3359 315 3423 sed
337 3364 373 3424 Θ.
399 3364 448 3424 14.
474 3363 514 3426 10
542 3357 717 3448 ἁμάρτημα
743 3365 799 3427 τοὺ
825 3364 1030 3447 καλυστερεῖν
1057 3401 1099 3410 -
1114 3357 1164 3426 Ε.
1189 3364 1260 3427 101.

8 3459 9 3498 ³
132 3466 154 3526 4
177 3466 236 3527 τῶν
260 3462 376 3548 λέμβων
399 3457 572 3550 ὑστερήσας
586 3502 629 3512 -
644 3485 755 3528 verum
770 3467 843 3528 KH.
862 3467 911 3530 12.
928 3468 949 3529 4
969 3463 1020 3530 ἵνα
1042 3463 1086 3552 μὴ
1108 3466 1262 3533 consors-

134 3568 208 3650 ρῶσι
229 3600 271 3611 -
295 3568 331 3629 Θ.
357 3568 406 3629 14.
430 3568 449 3629 9
480 3563 555 3630 ποτὲ
585 3568 642 3651 μέν
670 3562 806 3650 ὑστερεῖν
833 3565 889 3630 sed
916 3569 967 3630 ΙΑ.
992 3569 1043 3632 33.
1066 3570 1086 3631 8
1109 3564 1153 3652 μὴ
1179 3569 1261 3635 aas·

131 3673 268 3751 υστερεῖν
292 3665 350 3730 cfr.
373 3669 411 3730 Γ.
434 3669 485 3732 96.
511 3672 566 3748 113
589 3673 628 3733 Ε.
652 3671 703 3734 30.
726 3672 761 3748 5;
787 3671 836 3732 17.
859 3671 896 3746 7;
919 3671 948 3732 6.
972 3671 1007 3747 3;
1032 3670 1082 3733 16.
1099 3672 1134 3748 5;
1158 3670 1210 3734 20.
1226 3670 1260 3754 2;

9 3851 10 3870 ρ
132 3771 204 3834 ΚΑ.
235 3771 286 3832 43.
315 3771 368 3847 11;
398 3770 467 3833 ΚΘ.
496 3773 526 3833 4.
556 3773 588 3849 1;
618 3773 687 3835 ΚΖ.
717 3773 746 3834 6.
774 3773 809 3844 4;
839 3771 912 3833 ΚΗ.
946 3772 995 3834 12.
1022 3773 1044 3833 4
1072 3790 1119 3852 sq.
1170 3767 1261 3834 Non·

133 3890 302 3953 nunquam
324 3873 538 3953 compositum
562 3873 661 3937 etiam
683 3877 895 3938 consonantes
918 3873 1065 3955 sequitur
1079 3873 1147 3936 ΚΑ.
1164 3873 1215 3935 26.
1232 3873 1261 3936 9.

134 3975 351 4056 Καῖιυοτερεῖν
382 3977 458 4037 ante
484 3973 656 4057 Polybium
689 3995 754 4039 non
784 3973 931 4056 legimus.
983 3971 1078 4037 Idem
1111 3970 1200 4035 eadit
1229 3970 1263 4034 in

133 4074 361 4160 καὺυπερέχειν
385 4077 421 4140 Β.
445 4076 496 4140 38.
520 4077 539 4139 3
560 4073 649 4160 παρὰ
671 4073 779 4161 μικρὸν
801 4069 942 4158 ὑπερέχει
964 4110 1005 4120 -
1028 4071 1086 4137 sed
1107 4074 1143 4136 B.
1164 4073 1215 4134 25.
1231 4073 1261 4134 9.

134 4173 174 4240 δέ
202 4176 455 4262 καὺυπερέφειν.
499 4175 574 4241 Uno
602 4176 673 4241 loco
704 4175 802 4240 etiam
825 4193 1003 4240 consonans
1026 4171 1189 4238 antecedit
1211 4174 1261 4236 m.
