2960 4516
196 155 245 224 44

195 313 354 397 singulari
373 333 507 378 numero
522 313 686 396 reperitur
700 312 837 395 pluralis
852 317 889 376 Γ.
901 315 942 376 57
947 361 953 376 .
967 315 988 376 4
1011 307 1046 377 οό
1059 311 1237 398 βουλόμενοι
1252 316 1332 401 παρ’

192 418 317 484 ἕκαστα
339 418 475 480 διασπᾶν
498 413 555 502 τἠν
570 413 727 500 διὴγησιν;
749 420 918 497 praeterea
936 414 1109 480 adamatur
1128 403 1229 482 dietio
1241 415 1333 502 παρὰ.

192 517 600 602 uitaequaesignificatid,
608 517 696 601 quod
708 516 751 582 ab
763 517 873 600 aliquo
881 517 952 582 loeo
964 538 1021 582 seu
1030 523 1175 602 tempore
1182 521 1334 604 proxime

193 605 287 686 abest
298 621 438 704 ideoque
450 619 587 684 denotat
602 640 642 701 „e
653 621 799 702 vestigio,
815 621 959 684 statim.“
1002 620 1193 686 Adhibetur
1207 629 1326 704 autem,

195 745 236 789 ne
246 723 317 792 hiet
329 724 434 788 oratio
446 743 506 805 pre
518 722 700 806 παραυτίκα
713 723 763 786 vel
779 726 975 806 παραχρῆμα
996 728 1032 787 Α.
1046 728 1074 789 7.
1088 727 1107 788 5
1130 723 1333 808 παρὰπόδας·

192 816 280 912 εὗρον
304 824 444 912 μιμητάς
469 827 556 896 353
579 824 666 908 παρὰ
686 821 893 902 πέδαςαιύτός
914 823 1008 912 ἡγετο
1032 828 1062 890 8.
1081 829 1101 890 2
1124 826 1212 913 παρὰ
1228 827 1332 906 πόδας·

190 926 249 995 tab
261 933 321 994 τῶν
333 920 539 1013 Συρακοσίων
550 965 591 974 -
603 926 855 1012 ουνεδιώχδησαν
875 933 910 991 Β.
927 929 978 995 60.
991 931 1011 992 6
1023 925 1112 1013 παρὰ
1131 927 1239 1013 πόδας,
1262 931 1329 996 ἐπεὶ

192 1071 233 1078 —
247 1031 319 1116 ἔσχε
341 1028 400 1106 τὰς
435 1029 565 1106 ἐλπίδας
596 1033 635 1094 Ε.
660 1031 711 1094 26.
736 1032 775 1094 13
805 1027 861 1094 καί
893 1029 1073 1114 παραυτίκα
1094 1029 1247 1098 τάλαντον
1270 1033 1329 1097 sed

191 1133 301 1198 statim
323 1137 398 1215 pest
421 1129 477 1197 καί
490 1127 577 1217 παρὰ
590 1130 688 1207 πόδας
700 1131 825 1199 ἐλεεινοί
837 1131 974 1214 γίνονται
984 1135 1026 1196 Η.
1041 1137 1090 1197 11.
1103 1137 1124 1198 2
1136 1134 1217 1219 μετὰ
1225 1141 1329 1201 ταῦτα

190 1233 278 1321 παρὰ
300 1233 411 1316 πόδας,
430 1235 461 1300 έν
486 1257 521 1299 τε
535 1238 579 1320 τῷ
609 1233 758 1320 προοιμίῳ
779 1236 848 1298 ΚΘ.
861 1236 912 1298 22.
926 1237 1010 1300 2-3
1025 1235 1068 1300 τὰ
1092 1237 1329 1322 κατορδόματα

191 1333 279 1422 παρὰ
295 1334 404 1414 πόδας.
432 1335 480 1401 “0
495 1335 551 1402 καὶ
561 1335 821 1402 τότε-συνέπεσε
836 1357 894 1419 sq.;
918 1343 1010 1402 notes
1026 1337 1182 1420 παραυτά,
1197 1342 1333 1424 proprie

191 1439 265 1523 παρ’
290 1433 375 1504 αὐτὰ
403 1443 440 1502 Α.
464 1441 515 1504 32.
541 1443 574 1520 1;
597 1441 636 1502 Ε.
660 1440 712 1502 95.
736 1441 790 1521 12;
815 1440 885 1502 107.
908 1442 942 1522 53
964 1442 1034 1503 ΛΗ.
1059 1442 1089 1505 9.
1114 1445 1154 1505 11
1178 1462 1226 1524 sq.
1269 1442 1330 1507 Ab

62 1561 64 1566 ·
190 1540 253 1606 han
273 1540 383 1623 signifi
395 1541 523 1604 natione
545 1544 657 1623 „per“,
681 1559 739 1604 nes
764 1539 971 1624 „wdhrend“,
994 1540 1104 1606 differt
1126 1543 1213 1628 παρὰ
1232 1543 1265 1606 in
1279 1544 1326 1608 ln·

190 1643 320 1708 cutione
343 1644 433 1728 παρά
455 1641 531 1727 μίαν
552 1637 674 1728 ἡμέραν
697 1635 853 1722 ,alteruis
876 1642 1012 1730 diebusf‘
1034 1647 1072 1708 Z.
1098 1647 1148 1710 13.
1171 1648 1191 1710 6
1218 1643 1330 1731 καιρόν

188 1734 265 1832 εὐῷ
295 1742 384 1829 παρὰ
405 1743 479 1829 μίαν
501 1738 620 1830 ἡμέραν
635 1743 810 1828 Δημητρίου
823 1742 878 1828 μὲν
892 1743 1046 1830 παρόντος
1068 1767 1093 1822 ς.
1105 1749 1157 1811 40.
1169 1749 1197 1812 9.
1238 1747 1331 1812 Aliis

188 1849 269 1913 loeis
292 1846 536 1912 substantivum
556 1840 662 1932 ἡμέρα
683 1846 847 1910 omittitur
868 1847 957 1930 παρὰ
974 1846 1052 1931 μίαν
1073 1850 1112 1911 Γ.
1137 1850 1208 1913 110.
1226 1853 1246 1914 4
1266 1855 1330 1936 τῆς

189 1945 389 2038 δ’ἡγεμονίοις
410 1952 454 2035 τῷ
476 1947 559 2034 Γαίῳ
588 1945 794 2032 καβηκοόσης
820 1947 864 2025 εἰς
886 1948 942 2034 τὴυ
963 1949 1109 2016 ἐπιοῦσαν
1130 1945 1250 2037 ἡμέραν
1276 1952 1333 2019 διὰ

188 2053 224 2119 τό
245 2049 331 2138 παρὰ
351 2050 424 2136 μίαν
448 2050 485 2115 ἐκ
506 2055 566 2116 τῶν
588 2051 725 2134 έδισμῶυ
748 2050 997 2135 μεταλαμβάνειν
1031 2051 1089 2140 τὴν
1123 2051 1222 2142 ἀρχὴν
1254 2054 1330 2133 τοὺς

189 2154 331 2232 δπάτους.
366 2151 450 2216 Oum
471 2151 525 2242 hie
547 2153 749 2236 exprimatur
770 2151 956 2218 differentia
971 2155 1141 2240 quaedam,
1164 2163 1330 2240 quatenns

188 2254 276 2342 παρὰ
301 2255 377 2341 μίαν
399 2250 554 2341 (ἡμέραν)
578 2255 625 2318 ita
647 2253 876 2337 explicandum
898 2255 1040 2338 videtur,
1068 2265 1105 2322 nt
1130 2259 1216 2324 inter
1242 2261 1325 2326 duos

190 2359 259 2424 dies
287 2377 414 2441 semper
443 2355 563 2438 singuli
591 2355 661 2420 dies
693 2357 856 2442 interiecti
886 2357 967 2424 sint:
1003 2360 1117 2426 eadem
1150 2363 1249 2427 etiam
1284 2363 1330 2428 de

188 2461 239 2526 his
262 2458 460 2525 dictionibus
484 2458 658 2523 statuenda
681 2464 732 2526 est
753 2460 900 2542 quamvis
928 2461 962 2525 in
990 2481 1119 2528 sensum
1143 2464 1242 2548 paulo
1277 2465 1328 2530 di·

189 2584 331 2628 versum:
354 2559 441 2644 παρὰ
460 2561 568 2647 μικρὸν
589 2567 626 2626 Α.
649 2565 700 2630 33.
725 2565 762 2644 73
794 2565 846 2627 43.
870 2566 904 2644 7;
938 2567 988 2627 IB.
1013 2567 1064 2631 20.
1089 2569 1122 2651 73
1156 2569 1212 2631 ΙΕ.
1235 2569 1265 2632 6.
1289 2571 1324 2652 8;

189 2665 268 2753 παρ’,
288 2660 448 2752 όλίγονΑ.
472 2665 522 2730 25.
545 2665 578 2748 3;
602 2669 635 2728 Β.
660 2669 711 2730 55.
734 2669 769 2748 4;
792 2666 850 2736 ΙΗ.
873 2666 926 2728 46.
951 2668 1007 2747 12;
1031 2669 1098 2731 ΛΓ.
1123 2669 1153 2732 3.
1178 2673 1212 2751 1;
1236 2673 1265 2733 1.
1288 2674 1326 2752 4;

188 2767 261 2851 παρ’
286 2762 372 2832 οὐδέν
394 2770 431 2830 Α.
456 2767 507 2830 15.
529 2770 550 2830 4
572 2787 620 2848 sq.
644 2768 732 2851 παρὰ
752 2765 829 2832 πολό
862 2769 898 2830 Γ.
923 2767 975 2830 92.
999 2771 1034 2850 7;
1066 2774 1099 2832 Δ.
1122 2771 1174 2834 21.
1197 2775 1227 2835 5.
1272 2769 1327 2836 Si-

171 2869 309 2958 ‚militer
334 2869 505 2952 intellegas
535 2868 623 2952 quod
645 2869 783 2951 legimus
812 2873 862 2932 IB.
888 2872 938 2932 11.
964 2874 980 2933 1
1005 2868 1140 2948 καὶτὰς
1163 2868 1323 2958 ἁμαρτίας

186 2976 246 3037 τῶν
268 2969 384 3038 πόλεων
401 2970 469 3056 περὶ
479 2970 538 3049 τὰς
550 2966 735 3058 ἀναγραφὰς
747 2972 804 3047 τὰς
815 2969 929 3037 τούτων
943 2970 1117 3056 ἐξελέγχων,
1140 2997 1192 3040 πα
1202 2975 1248 3059 ρὰ
1263 2975 1327 3060 τρί-

188 3097 283 3159 μηνον
294 3072 425 3158 ίχοόσας
433 3073 463 3140 τί
472 3074 626 3160 διαφέρου,
638 3061 727 3150 οὗτός
738 3073 812 3157 ἐστι,
826 3072 931 3138 tribus
943 3074 1106 3138 mensibus
1125 3075 1327 3143 differentes.

273 3175 376 3242 Haud
402 3197 477 3242 raro
507 3176 596 3262 παρὰ
620 3165 751 3240 eausam
777 3175 913 3240 denotat
941 3181 977 3241 Α.
1008 3179 1059 3241 32.
1082 3180 1103 3240 4
1133 3178 1222 3264 ἔφερε
1249 3178 1326 3257 τοὺς

188 3272 416 3365 ἀπολογισμοδς
436 3277 493 3344 καί
514 3277 601 3362 παρὰ
623 3277 654 3343 τί
674 3282 727 3344 νῦν
751 3265 944 3363 σραλείησαν
965 3277 1021 3343 καὶ
1044 3277 1121 3346 διότι
1143 3282 1182 3344 Γ.
1207 3283 1277 3346 103.
1295 3269 1339 3346 '2-

187 3382 231 3468 μὴ
252 3380 340 3468 παρὰ
360 3380 417 3468 ιὴυ
438 3387 498 3449 τῶν
528 3381 687 3467 δυνάμεων
715 3376 926 3448 ἀποδειλίασιν
953 3375 1034 3446 ἀλλὰ
1063 3380 1152 3468 παρὰ
1180 3381 1238 3469 ιὴν
1267 3391 1327 3450 τοῦ

187 3489 379 3570 προεστῶτος
411 3480 573 3566 εὐλάβειαν
606 3484 764 3569 γεγονέναι
797 3488 830 3547 Γ.
855 3485 904 3548 16.
938 3488 959 3548 5
992 3483 1080 3569 παρά
1099 3489 1190 3552 τοῦτο
1214 3488 1324 3574 συνέβη

187 3589 225 3651 Θ.
250 3589 300 3652 19.
323 3589 343 3651 2
365 3585 422 3652 καί
444 3585 531 3673 παρὰ
549 3592 639 3654 τοῦτο
663 3587 782 3670 συνέβη.
806 3587 829 3649 Ι.
855 3588 904 3650 12.
928 3588 948 3650 6
976 3585 1082 3667 ἄνισος
1110 3579 1150 3675 ἡν
1180 3584 1201 3677 ἡ
1233 3588 1326 3676 μάχη

187 3689 275 3775 παρὰ
294 3688 413 3774 ταύτην
436 3689 494 3770 τὴν
517 3689 630 3756 αἰτίαν.

600 3946 613 3951 —
621 3946 661 3951 —-
668 3947 686 3951 —-
705 3939 908 3958 aem——
