2960 4516
218 247 241 316 6

212 407 357 486 Arriani,
381 405 519 468 alierum
541 404 673 486 propria
688 425 758 468 esse
773 404 866 468 multi
882 404 1146 488 existimarent.1)
1169 442 1210 452 —-
1232 404 1338 468 Abeo

213 511 322 596 potius
346 506 514 588 scriptore,
538 505 650 587 quiex
666 505 823 586 omnibus,
847 528 986 588 quorum
1000 505 1076 569 libri
1092 511 1228 586 exstant,
1251 505 1339 569 illam

213 612 390 677 dialectum
422 608 545 690 primus
578 605 741 688 adhibuit,
772 629 792 671 a
820 608 959 692 Polybio
989 608 1279 694 quasilpurissimo
1308 614 1339 671 et

214 710 421 794 integerrimo
445 709 535 773 fonte
556 709 685 772 initium
707 707 835 773 videtur
857 730 927 773 esse
949 708 1173 793 faciendumfl)

297 812 398 876 Cuius
422 810 462 874 de
484 809 664 875 elocutione
686 831 883 892 quamquam
905 833 925 875 a
947 810 1110 875 nonnullis
1133 811 1198 875 iam
1220 811 1254 873 in
1268 811 1337 886 uni-

212 937 340 980 versum
363 914 564 997 disputatum
588 918 647 994 est,
670 913 771 977 multa
792 918 902 977 tamen
923 913 1055 978 meliore
1076 933 1115 976 ae
1132 912 1338 994 diligentiore

214 1023 328 1083 cavent
356 1015 603 1097 investigatione
611 1014 651 1099 3):
684 1015 762 1096 quid
784 1015 900 1078 mirum
923 1015 956 1078 in
978 1015 1109 1099 Polybii
1139 1019 1337 1079 servatorum

211 1120 369 1184 librorum
393 1139 431 1181 ac
452 1117 705 1198 fragmentorum
728 1116 867 1180 maxima
889 1116 985 1182 mole!

298 1221 380 1284 Mihi
415 1219 559 1302 quidem,
595 1219 651 1300 qui
679 1219 957 1301 praepositionum
986 1220 1117 1304 Polybii
1146 1220 1209 1285 vim
1239 1225 1337 1302 atque

213 1345 307 1388 usum
346 1323 408 1386 hac
441 1321 725 1386 dissertatiuncula
757 1321 930 1386 tractanda
965 1323 1044 1388 mihi
1076 1322 1272 1407 proposui,4)
1310 1323 1338 1385 si

213 1425 338 1508 aliquid
368 1429 536 1489 assecutus
566 1445 630 1504 ero,
661 1423 810 1488 sufficiet.
864 1423 973 1489 Causa
1003 1431 1124 1506 autem,
1163 1447 1220 1490 cur
1255 1425 1338 1488 hanc

214 1530 318 1612 ipsam
352 1527 438 1591 illius
472 1526 638 1608 scriptoris
668 1525 860 1590 elocutionis
889 1533 1016 1609 partem
1037 1529 1239 1592 tractandam
1272 1549 1339 1591 sus-

215 1630 364 1712 ciperem,
376 1649 415 1692 11
427 1628 498 1708 fuit,
515 1627 767 1709 quodquoniam
778 1627 897 1693 Graeci
912 1629 946 1692 11
960 1630 1130 1712 particulis
1146 1628 1339 1692 adhibendis

214 1730 459 1796 subtilissimum
481 1733 580 1810 atque
602 1729 876 1811 elegantissimum
896 1730 1071 1796 habuerint
1085 1732 1250 1812 iudicium,
1274 1753 1338 1813 que

214 1833 311 1898 modo
334 1853 437 1897 sermo
453 1831 593 1914 vulgaris
609 1851 691 1913 quae
713 1829 798 1917 κοινὴ
821 1834 1005 1917 appellatur
1020 1833 1061 1898 ab
1076 1835 1185 1916 priore
1200 1833 1338 1915 differat,

216 1959 255 2001 ex
277 1934 393 2000 iisdem
414 1934 478 1998 illis
502 1934 622 2015 optime
644 1933 771 1997 videtur
791 1934 945 2017 intellegi.

300 2039 499 2120 Priusquam
527 2056 602 2099 vere
633 2035 676 2098 ad
702 2035 829 2118 singula
858 2041 1078 2102 transeamus:
1110 2037 1151 2102 de
1173 2039 1338 2121 praeposi-

215 2141 376 2222 tionibus,
400 2140 518 2223 quibus
547 2139 702 2221 Polybius
725 2161 802 2203 usus
825 2144 889 2220 est,
913 2141 947 2204 in
968 2141 1153 2205 universum
1181 2140 1339 2206 nonnulla

215 2245 423 2327 praemittere
444 2262 510 2307 non
532 2241 674 2306 alienum
695 2241 774 2305 mihi
796 2241 933 2306 videtur.

304 2463 324 2531 ¹)
352 2465 399 2516 111.
435 2462 568 2529 Hultseh,
605 2462 777 2530 quaestiones
804 2461 970 2530 Polybianae
996 2463 1033 2514 in
1069 2479 1156 2530 progr.
1184 2462 1282 2515 Zwich.
1315 2479 1338 2516 a.

216 2547 359 2616 less-59,
377 2566 402 2616 p.
423 2545 446 2601 1.

302 2633 324 2700 ⁹)
343 2634 390 2686 clr.
409 2631 570 2698 Bernhardy
587 2629 604 2682 1.
624 2646 646 2683 c.
665 2647 690 2698 p.
708 2627 767 2684 422.

302 2717 323 2786 ³)
342 2718 382 2770 De
414 2716 522 2784 Polybii
553 2717 608 2768 toto
644 2717 752 2782 ingenio
784 2715 914 2769 dixerunt
944 2717 1148 2786 Brandstaeter,
1177 2718 1341 2770 Geschiehte

217 2805 265 2857 des
289 2803 366 2858 aetol.
385 2801 510 2868 Bundes,
537 2800 630 2853 Berlin
655 2797 733 2867 1844,
758 2818 782 2868 p.
804 2798 935 2868 ali-493
962 2801 1091 2867 Nitzsoh,
1116 2801 1263 2869 PolybirrS,
1291 2818 1342 2854 nur

218 2889 380 2942 (ieschiehte
415 2886 521 2941 antiker
555 2885 657 2940 Politik
692 2885 750 2939 und
785 2885 1021 2955 Histoiiegraphie
1058 2883 1137 2951 14423
1172 2887 1211 2939 La
1239 2885 1340 2952 Reche,

217 2971 428 3026 Characteristik
446 2971 494 3024 des
506 2971 640 3039 Polybius
660 2969 740 3036 18573
758 2970 959 3040 Marlrhaeuser,
979 2972 1026 3024 der
1039 2971 1343 3024 Geschiehtssehroiber

216 3057 349 3126 Polybius
378 3053 456 3121 185&
491 3055 660 3126 Mommsen,
695 3059 761 3109 rbm.
782 3057 943 3110 Gesebichte
966 3056 1008 3123 II,
1036 3072 1060 3122 p.
1079 3052 1131 3108 leo
1148 3071 1197 3123 sq.;
1229 3055 1341 3122 Nissen,

218 3143 303 3196 rhein.
335 3141 461 3196 Museum
496 3140 606 3209 XXVI,
640 3160 664 3210 p.
693 3141 756 3206 242;
791 3140 893 3210 Pauly,
930 3139 1019 3194 Real-
1032 3140 1248 3208 Encyelopaedie
1289 3141 1342 3192 sub

216 3245 242 3280 v.
261 3226 400 3294 Polybius.
420 3255 454 3264 -

304 3310 343 3364 De
375 3311 435 3378 ipse
471 3327 567 3378 genere
602 3312 710 3365 dicendi
746 3313 915 3381 scripserunt
949 3311 1130 3376 Lucttge,
1167 3309 1199 3360 de
1233 3309 1344 3375 Polybii

220 3395 372 3449 elocutione
394 3399 423 3448 in
448 3413 580 3464 pregram.
600 3397 738 3451 Nordhus.
764 3394 830 3450 1863
858 3398 906 3450 cfr.
931 3397 1012 3449 etiarn
1042 3393 1344 3457 Brandstaeter,

219 3481 237 3534 l.
264 3499 297 3548 a.;
334 3481 506 3535 Frieden'cus
533 3481 714 3552 Kaelker,
748 3482 928 3548 Quaestiones
955 3481 988 3533 de
1014 3479 1166 3533 elocutione
1192 3478 1346 3545 Polybiane

218 3568 247 3620 in
273 3567 415 3634 Leipziger
441 3566 556 3619 Studien
580 3564 654 3634 1880,
681 3567 735 3621 vol.
753 3568 810 3635 HI,
835 3585 860 3636 p.
884 3563 1029 3620 alo-302.
1056 3594 1088 3602 -
1116 3563 1345 3616 Dissertatienem

218 3651 326 3718 Erlang.
345 3652 480 3718 inspicere
498 3667 552 3704 non
570 3653 655 3718 potui.

303 3736 346 3788 Ex
371 3734 481 3803 Polybii
508 3735 658 3790 editoribus
689 3737 764 3804 digni
792 3738 869 3804 sunt,
901 3738 948 3804 qui
974 3735 1122 3788 afferantur
1149 3732 1346 3798 Schweig-

218 3821 398 3887 haeuser,
423 3820 470 3888 qui
489 3819 636 3872 editionem
656 3836 734 3874 suam
752 3821 974 3875 adnotationibus
998 3819 1032 3872 ad
1056 3817 1179 3885 linguam
1205 3771 1464 3884 pertinen-N

219 3904 293 3957 tibus
320 3905 467 3972 instruxit,
499 3904 682 3973 Dinderf,
712 3904 899 3973 Hultsch,
934 3905 982 3973 qui
1015 3903 1125 3956 criticas
1155 3903 1348 3957 adnotationes

219 3989 353 4043 adiunxit.

304 4091 578 4159 41111111111111111
596 4093 756 4159 proferenda
773 4093 842 4144 mihi
859 4092 1037 4156 videbantur,
1064 4089 1165 4158 quibus
1190 4090 1309 4157 scriptor
1330 4107 1349 4144 a

220 4176 356 4246 prioribus
375 4178 467 4231 differt
485 4194 607 4246 quaeque
625 4179 712 4246 magis
732 4177 793 4230 eius
811 4177 919 4243 propria
937 4177 1008 4229 sunt.
