2960 4516
1261 221 1283 291 9

161 391 199 448 ut
220 386 360 467 primum
382 384 487 447 dicam
510 383 551 446 de
572 384 621 466 iis,
643 404 728 464 quae
750 404 823 446 oum
845 404 909 446 uno
933 403 1020 466 casu,
1043 382 1158 446 deinde
1180 383 1221 446 de
1235 384 1285 466 iis,

162 507 340 569 quaecum
363 484 499 568 duobus,
523 484 662 566 denique
684 483 724 547 de
746 485 795 564 iis,
819 505 903 567 quae
926 506 999 548 cum
1021 484 1127 548 tribus
1157 485 1285 549 casibus

162 589 408 670 coniunguntur.

328 817 398 898 De
429 815 632 917 singulis
662 816 1121 917 praepositionibus.

695 972 758 1040 Ἐν.

247 1097 295 1161 Ut
316 1120 336 1161 a
350 1098 589 1182 praepositione
605 1096 635 1159 ἐν
651 1079 865 1177 exordiamur,
888 1094 973 1160 hanc
995 1119 1068 1160 cum
1091 1098 1286 1180 prioribus

163 1199 362 1282 temporibus
384 1199 534 1264 collatam
564 1197 651 1281 apud
674 1197 879 1280 Polybium
905 1198 999 1262 valde
1024 1199 1174 1282 neglegi,
1207 1201 1287 1264 mihi

163 1300 384 1364 adnotandum
406 1300 534 1364 videtur
556 1302 589 1365 in
618 1301 811 1365 universum.
863 1299 945 1364 (lum
975 1302 1059 1364 enim
1088 1301 1170 1365 haec
1198 1302 1286 1383 apud

164 1403 364 1483 antiquiores
387 1404 560 1486 scriptores
588 1403 615 1466 si
643 1403 749 1466 minus
779 1401 957 1486 prinoipem
985 1403 1107 1484 locum,
1137 1410 1173 1467 at
1200 1409 1287 1468 certe

165 1504 339 1568 secundum
363 1504 520 1568 obtineat:
545 1504 666 1570 abillo
690 1511 842 1587 quartum
870 1506 899 1569 ei
929 1505 1064 1569 attribui
1094 1506 1286 1585 invenimus3

164 1606 251 1688 quod
292 1606 464 1672 discrimen
504 1606 784 1672 considerantibus
824 1606 935 1687 nobiS,
973 1605 1146 1690 Polybium
1184 1607 1286 1671 multo

163 1707 310 1790 pluribus
353 1709 647 1792 praepositionibus
691 1731 788 1791 quam
832 1713 956 1773 eeteros
999 1709 1062 1788 uti,
1115 1709 1287 1773 dilucidius

164 1809 356 1873 illustratur.
390 1809 455 1875 Sed
471 1813 498 1874 si
513 1811 746 1894 posterioribus
761 1811 961 1895 temporibus
972 1811 1161 1893 Byzantinis
1177 1811 1208 1875 ε’ν
1222 1833 1287 1875 om-

163 1913 240 1976 nino
257 1933 447 1977 evanescere
461 1913 630 1977 nobiscum
645 1914 910 1995 reputaverimus,
933 1913 996 1976 hcc
1012 1913 1099 1994 apud
1115 1912 1288 1996 Polybium

163 2014 228 2076 iam
251 2014 393 2096 coepisse
419 2035 596 2096 rarescere,
626 2017 743 2080 mirum
772 2037 837 2079 non
865 2014 1037 2079 videbitur.
1069 2052 1108 2061 -
1138 2013 1234 2096 Quod
1261 2015 1288 2077 si

163 2115 347 2196 quaerimus
353 2164 362 2196 ,
386 2115 539 2197 quidnam
562 2137 680 2180 causae
702 2118 757 2198 sit,
782 2137 839 2180 cur
862 2116 949 2200 apud
971 2116 1078 2180 hunc
1099 2115 1288 2181 historicum

163 2218 361 2300 praepositio
384 2217 441 2280 illa
463 2219 555 2299 quasi
578 2218 721 2282 recedat:
747 2218 828 2281 duas
851 2239 964 2282 causas
988 2222 1115 2282 exstare
1130 2218 1286 2301 suspicor,

164 2341 277 2399 unam,
308 2319 395 2401 quod
418 2341 511 2383 casus
538 2319 665 2384 dativus
688 2320 883 2402 procedente
905 2325 1050 2403 tempore
1072 2340 1151 2402 prae
1173 2320 1288 2383 ceteris

164 2420 293 2484 casibus
323 2422 538 2503 relinquatur,
570 2423 705 2486 alteram
734 2423 810 2504 quia
831 2422 989 2506 Polybius
1012 2421 1151 2507 hiatum,
1179 2423 1234 2504 qui
1257 2423 1288 2486 ἐν

164 2521 342 2587 substituto
372 2525 558 2606 saepissime
594 2524 666 2606 fiat,
703 2545 801 2606 quam
829 2525 968 2588 maxime
998 2525 1118 2587 evitare
1148 2523 1286 2607 studeat.

165 2623 252 2706 Quid
274 2626 372 2707 igitur
401 2628 531 2709 mirum,
562 2626 649 2708 quod
679 2647 738 2709 pro
768 2627 798 2690 ἐν
829 2646 901 2689 cum
922 2626 1003 2690 alias
1032 2626 1287 2709 praepositiones

165 2732 234 2792 tum
256 2728 392 2791 maxime
415 2726 500 2792 κατὰ
523 2734 555 2791 et
577 2727 644 2810 περί
665 2729 788 2810 positas
809 2747 877 2791 esse
892 2726 1045 2808 videmus,
1069 2728 1189 2810 quippe
1204 2747 1288 2808 quae

165 2827 207 2892 ab
238 2829 488 2892 consonantibus
517 2830 646 2893 initium
675 2831 806 2913 capiant
834 2829 1028 2910 eaedemque
1058 2849 1131 2892 cum
1159 2849 1288 2893 aecusa-

165 2930 231 2993 tivo
252 2930 501 3013 coniungantur!
526 2930 617 3013 Quae
633 2931 792 3011 contendi,
817 2932 843 2994 si
859 2932 899 2994 de
915 2931 978 2995 illis
993 2929 1288 3014 praepositionibus

165 3053 269 3096 sermo
293 3033 363 3116 erit,
387 3034 541 3116 exemplis
570 3034 794 3116 comprobabo.
817 3073 860 3081 —
881 3033 993 3115 Atque
1022 3038 1060 3096 ut
1089 3031 1132 3096 ad
1160 3031 1289 3113 singula

164 3133 449 3218 transgrediamur,
473 3135 553 3199 duas
576 3136 801 3200 tantummodo
824 3156 875 3199 res
898 3133 1196 3199 commemorandas
1220 3153 1289 3197 esse
1312 3205 1315 3209 ,

166 3234 323 3299 existimo.
357 3235 504 3300 Primum
520 3237 604 3300 enim
627 3238 657 3302 ἐν
671 3259 692 3301 3
706 3237 845 3322 Polybio
861 3237 949 3301 haud
964 3237 1012 3300 ita
1026 3257 1101 3300 raro
1116 3234 1289 3300 adhibetur

164 3335 207 3400 ad
244 3337 495 3422 exprimendum,
530 3361 627 3421 quam
660 3340 757 3422 longe
790 3339 872 3403 duae
905 3359 956 3404 res
988 3340 1074 3402 inter
1103 3357 1137 3401 se
1165 3337 1287 3417 absint3

165 3439 311 3522 exempla
333 3446 408 3505 sunt
437 3441 529 3506 haec:
565 3446 599 3506 Δ.
624 3443 675 3505 56.
702 3445 751 3504 11.
774 3437 1183 3525 παραστρατοπεδευσάντων
1205 3434 1289 3524 αὐτῷ

158 3537 323 3625 Ῥωμαίων
345 3539 402 3625 πρὸ
415 3547 483 3628 ,τῆς
504 3542 619 3620 πόλεως
639 3542 669 3606 ἐν
684 3542 756 3620 ἴσως
771 3544 860 3608 πέντε
875 3541 1012 3619 σταδίοις
1025 3539 1154 3618 πολλοὺς
1169 3536 1290 3624 ἀγῶνας

165 3642 380 3729 συνεστήσατο.
432 3648 481 3710 17.
504 3649 533 3710 8.
557 3644 613 3710 καί
642 3643 957 3729 στρατοπεδεύσαντες
986 3645 1016 3708 ἐν
1046 3639 1127 3709 turb
1155 3642 1290 3719 σταδίοις

166 3740 227 3810 ἀπὸ
251 3750 309 3830 τῆς
330 3745 455 3822 πόλεως,
500 3751 549 3812 39.
577 3751 624 3811 12.
649 3747 916 3833 παραταττόμενοι
938 3755 1002 3824 τοῖς
1024 3745 1177 3831 πολεμίοις
1203 3745 1234 3808 έν
1256 3743 1289 3821 ἐξ

165 3844 221 3910 καὶ
242 3847 330 3911 πέντε
346 3847 489 3924 σταδίοις.
529 3853 565 3914 Θ.
584 3855 602 3913 7
606 3900 612 3914 .
630 3855 657 3914 1.
675 3852 705 3915 ἐν
720 3852 797 3916 δέκα
813 3850 948 3927 σταδίοις
963 3845 1289 3931 ἀντιστρατοπεδεῦσαι

166 3948 257 4034 σφίσι.
292 3952 345 4013 ΙΕ.
363 3954 391 4012 7.
408 3953 441 4034 3;
465 3954 494 4014 8.
513 3955 550 4014 11
573 3949 590 4016 δ
613 3959 715 4017 κεῖται
729 3950 859 4038 πρὸτῆς
873 3953 987 4029 πόλεως
1003 3953 1034 4016 ἐν
1049 3947 1128 4015 ἑπτὰ
1144 3947 1287 4024 σταδίοις.

166 4053 232 4115 ΚΑ.
268 4055 296 4115 4.
330 4053 359 4116 9.
401 4051 692 4135 στρατοπεδεύοντες
730 4055 760 4119 ἐν
788 4053 941 4142 ἑξήκοντα
976 4051 1111 4128 σταδίοις
1141 4045 1202 4114 ἀπὸ
1231 4054 1290 4136 τῆς

161 4147 342 4239 Ἀμρίσσης;
373 4153 437 4218 huo
459 4156 601 4238 pertinet
628 4157 725 4220 etiam
755 4163 778 4220 Δ
800 4159 852 4222 40.
875 4161 904 4222 8.
927 4152 961 4222 τὸ
990 4153 1049 4239 γάρ
1075 4175 1122 4216 τοι
1151 4155 1289 4216 πλεῖστον
