2960 4516
1245 141 1291 210 41

166 307 269 395 τρόπῳ
300 304 400 392 τούτῳ
432 302 576 386 quietem
605 303 668 368 sibi
702 302 831 368 dedisse
861 301 941 366 mihi
969 301 1120 366 videntur
1148 305 1187 366 E.
1219 307 1248 366 7.
1279 306 1297 366 3

166 409 260 499 ᾤοντο
283 411 344 473 δεῖν
372 403 425 473 τίν
455 405 605 500 Φιλιππου
636 403 705 490 περὶ
734 401 787 470 τὀν
810 399 957 492 Ἀχελῷον
987 402 1300 490 στρατοπεδείσαυτα

166 513 465 596 προσαναποπαῦσαι
486 509 544 594 τὴν
568 506 706 591 δυ’ναμιν.
751 507 845 571 Idem
875 505 1048 570 dicendum
1082 512 1132 570 est
1159 505 1200 570 de
1226 529 1300 590 προ·

170 611 354 690 σανατείνω,
386 610 600 696 προσαντέχω,
625 607 817 694 ’προσαξιίω,
843 608 1039 692 προσασκέω,
1077 627 1160 689 quee
1192 608 1301 672 omnia

166 714 264 778 verba
286 714 427 798 primunr
448 712 536 795 apud
557 710 900 796 Polybiumllegimus.
946 713 998 773 1A.
1021 711 1072 773 22.
1097 711 1115 772 3
1140 705 1234 785 αὐτὸς
1260 709 1301 774 εί-

165 813 254 892 ωἱυὼς
276 820 316 901 τῇ
339 811 394 899 μὲν
411 813 476 901 ὥρᾳ
493 813 751 899 προσανατείνσιν,
774 819 903 896 tempus
919 811 1109 895 protrahere
1125 819 1299 878 consuetus

166 917 275 1001 copies
297 918 331 980 in
355 895 459 980 aciem
482 915 642 980 educendi
665 919 722 980 IH.
750 917 801 978 53.
825 917 844 977 9
867 912 923 978 καί
946 913 1039 979 πλείω
1060 914 1168 999 χρόνον
1190 910 1301 980 ὡσανεί

166 1003 473 1105 προσανατεινίμενος
502 1014 587 1106 αὐτῷ
609 1019 704 1100 quasi
725 1019 867 1082 minutus
889 1018 928 1081 E.
953 1020 1002 1080 87.
1027 1020 1047 1080 4
1068 1017 1189 1101 βραχέα
1211 1039 1303 1100 προσ-

167 1120 340 1210 αναταλείς
361 1143 420 1206 per
442 1121 548 1187 breve
569 1126 698 1204 tempus
721 1121 825 1184 iratus
848 1140 919 1202 sqq.

688 1271 772 1340 Ἐπί.

253 1393 350 1479 Quod
372 1393 415 1458 de
436 1392 513 1480 πρὸς
536 1415 609 1458 oum
629 1393 740 1458 dativo
759 1394 931 1458 coniuncto
948 1392 1102 1476 expressi,
1125 1391 1214 1456 haud
1228 1413 1302 1456 raro

169 1496 254 1562 hanc
275 1497 549 1580 praepositionem
571 1494 721 1560 adhiberi
744 1495 786 1559 ad
808 1515 1017 1560 numerorum
1036 1495 1181 1580 rationes
1197 1495 1302 1577 expri-

172 1598 317 1679 mendas,
340 1606 573 1680 nonnunquam
596 1597 696 1663 etiem
718 1597 805 1662 cadit
826 1598 860 1661 in
884 1595 933 1662 ἐπί
954 1605 987 1661 Δ.
1012 1600 1061 1660 14.
1086 1599 1105 1658 9
1127 1595 1302 1682 ταῦταμὲν

175 1691 226 1766 οὖν
253 1699 296 1777 είς
326 1698 383 1786 τήν
415 1701 567 1787 προτέραν
599 1699 704 1786 ἔπεσεν
735 1695 927 1784 ίλυμπισίδα,
960 1697 1003 1764 τὰ
1033 1699 1135 1785 δ’ἐξῆς
1170 1699 1213 1776 είς
1245 1699 1302 1784 τὴν

169 1799 423 1888 τετταρακοστὴν
446 1801 495 1868 ἐπὶ
519 1809 590 1878 ταῖς
613 1800 727 1868 ίκατίν
749 1823 809 1884 pro
833 1801 878 1884 είς
901 1800 1007 1888 τὴν-τ.
1032 1800 1087 1866 καί
1114 1801 1301 1888 §xerocepu

167 1902 318 1968 similiter
340 1903 452 1970 ἱππέων
474 1902 552 1969 δ’έπί
574 1909 644 1980 ταῖς
667 1901 885 1988 δύσριυρισίσιν
910 1904 1031 1990 ἐπῆσαν
1054 1905 1099 1968 ἔτι
1120 1900 1212 1989 τρεῖς
1227 1909 1302 1990 χιλι-

170 2005 243 2083 άδες
265 2009 301 2070 Β.
325 2009 376 2071 24.
402 2010 455 2085 14;
479 1995 518 2071 ὧν
541 2002 561 2092 ἡ
584 2004 643 2090 μὲν
675 2000 735 2070 ἀπὶ
765 2011 819 2070 τοῦ
848 2009 991 2090 conduci
1023 2007 1111 2091 μέχρι
1133 2005 1301 2091 Νάρβωνος

168 2107 282 2193 μυρίων
304 2107 375 2173 ἐστί
390 2106 446 2172 καί
467 2107 609 2174 πλειίνωυ
631 2106 653 2194 ip*
679 2107 842 2174 dissectos
865 2106 915 2174 ἐπί
935 2114 1002 2184 τοῖς
1017 2107 1126 2192 χιλίοις
1148 2110 1209 2176 ΛΔ.
1226 2111 1255 2172 6.
1272 2113 1302 2172 5.

252 2209 369 2293 Neque
398 2210 726 2293 praetermittendum
757 2216 820 2291 est,
852 2208 901 2274 ε’πὶ
923 2230 950 2273 c.
974 2209 1040 2274 dut.
1069 2231 1303 2293 nonnunquam

166 2311 321 2394 indicare,
345 2312 471 2395 aliquid
493 2334 551 2396 per
573 2313 717 2396 spatium
746 2312 912 2402 ternporis
931 2313 1094 2394 pertinere
1123 2315 1161 2377 Γ.
1185 2318 1237 2377 51.
1263 2317 1302 2376 12

167 2413 210 2492 τίς
232 2413 266 2479 δὲ
288 2413 322 2480 τί
347 2415 457 2500 μέλλον
480 2416 551 2500 ἔσχε
573 2413 629 2500 μὲν
650 2413 706 2479 καί
729 2414 813 2480 σίτου
838 2415 894 2480 καί
917 2413 1107 2500 οπρεμμσὶτων
1136 2415 1187 2481 ἐπὶ
1219 2419 1300 2482 δυεῖν

166 2514 221 2582 καί
249 2517 365 2602 τρισίν,
396 2514 529 2603 ἡμέραις
561 2513 720 2601 οὐπορίαυ;
751 2519 845 2580 528
876 2519 1143 2602 προπορευομένων
1173 2514 1303 2584 δἀίτῶν

166 2618 215 2684 ἐπί
236 2621 283 2684 δυ’
305 2615 450 2706 ἡμέραις,
484 2619 537 2683 cui
574 2619 694 2682 tumen
718 2624 900 2682 structurae
935 2619 1075 2702 scriptor
1104 2619 1154 2684 ε’πί
1184 2641 1210 2683 c.
1234 2641 1300 2684 aco.

165 2721 319 2804 praefert,
343 2721 431 2804 quod
454 2721 567 2785 eodem
593 2720 830 2803 significatione
853 2721 1032 2786 sexcenties
1054 2722 1259 2804 reperitur.¹)

251 2822 303 2887 De
315 2823 366 2890 ίπί
378 2844 451 2888 oum
462 2823 650 2887 accusativo
664 2822 836 2887 coniuncto
848 2821 929 2885 nihil
941 2829 992 2886 est
1003 2823 1091 2904 quod
1102 2822 1303 2889 efferendum

165 2925 313 2990 videatur
334 2927 399 2991 nisi
421 2925 607 2990 locutiones
631 2924 789 2988 eiusmodi
812 2922 862 2990 ἐπὶ
883 2923 960 2990 τάδε
984 2947 1010 2989 o.
1034 2945 1105 3008 gen.
1130 2926 1227 3006 citra,
1257 2921 1303 2990 cis
1340 2945 1342 2949 ·
1428 2967 1432 2974 ·

165 3029 204 3092 Γ.
228 3030 279 3092 35.
302 3031 324 3090 4
345 3031 404 3113 τῆς
426 3025 475 3092 ἐπὶ
496 3027 573 3092 τσίδε
596 3031 652 3092 τοῦ
675 3030 822 3112 ποταμοῦ
844 3024 949 3111 χιίρας
970 3029 1022 3091 40.
1038 3031 1072 3105 5;
1096 3029 1147 3090 34.
1163 3021 1198 3107 4;
1222 3031 1251 3093 3.
1267 3033 1302 3108 4;

167 3131 217 3193 23.
240 3131 276 3209 4;
300 3131 351 3193 97.
375 3134 409 3208 5;
433 3113 466 3193 Δ.
490 3116 542 3194 48.
567 3132 600 3208 3;
625 3131 677 3193 48.
701 3133 719 3192 7
744 3129 791 3194 ἐπ’
815 3129 919 3194 ἐκεῖνα
940 3129 990 3192 vel
1013 3129 1157 3193 ἐπέκεινα
1179 3149 1206 3194 c.
1229 3151 1302 3212 gen.

168 3238 259 3295 trans
290 3233 327 3295 B.
366 3236 416 3296 15.
446 3233 466 3294 9
498 3232 640 3297 ἐπέκεινα
672 3236 732 3296 τῶν
756 3230 889 3296 ’Άλπεωυ
922 3235 960 3295 Γ.
984 3235 1035 3295 22.
1058 3235 1092 3309 5;
1126 3233 1221 3296 232
1255 3231 1305 3298 ἐπὶ

165 3331 291 3417 δάτερα
311 3333 345 3396 in
368 3333 473 3398 altera
504 3340 616 3417 parte,
647 3341 738 3398 trans
764 3337 803 3400 Γ.
827 3335 879 3399 40.
902 3338 936 3414 5,
965 3332 1023 3397 ubi
1052 3334 1227 3416 opponitur
1255 3334 1305 3400 ίπί

165 3433 241 3501 τάδε
271 3443 304 3500 Δ.
334 3438 386 3500 44.
422 3439 453 3500 5.
510 3435 593 3500 Ourn
626 3435 708 3500 haec
742 3435 889 3518 exempla
923 3436 970 3498 ite
1003 3433 1307 3516 comprehendenda

169 3529 252 3628 sint,
276 3543 312 3603 ut
333 3560 395 3622 per
424 3539 488 3604 loci
511 3540 652 3625 spatium
674 3539 859 3623 pertinendi
882 3539 971 3603 notio
994 3537 1109 3618 subsit,
1134 3537 1306 3602 dictionem

166 3641 218 3706 ἐπί
240 3641 324 3708 πόδα
346 3641 445 3707 valde
468 3642 655 3707 adamatam
678 3642 819 3726 explices
843 3662 882 3704 ex
911 3640 1148 3724 significatione
1170 3641 1305 3704 militari

166 3748 201 3808 B.
226 3747 323 3809 68.·4
346 3739 461 3822 αὐτοὺς
483 3740 681 3829 δ’ὑποχωρεῖν
705 3741 755 3808 ἐπὶ
786 3740 869 3809 πόδα
896 3741 952 3807 καί
981 3742 1198 3828 periurasset
1228 3735 1303 3823 πρὸς

168 3846 241 3923 τοὺς
263 3842 459 3930 ὑπερδεξίους
482 3843 531 3912 ἀεὶ
552 3845 666 3922 τόπους
689 3845 842 3932 ἀσφαλῶς
861 3845 961 3909 alium
983 3843 1098 3927 pedem
1112 3849 1188 3926 post
1202 3840 1302 3906 alium

258 4017 267 4046 ¹
287 4017 379 4071 Confr.
398 4015 456 4070 Rus.
476 4016 623 4082 Kuehner‚
654 4033 692 4082 gr.
714 4017 758 4068 Gr.
778 4015 814 4082 IL
834 4033 858 4082 p.
877 4011 1108 4080 434‚‚r01npor0u
1135 4013 1218 4065 meist
1239 4015 1301 4078 poet

166 4103 223 4156 und
245 4103 474 4172 sptttprosaisoh“.
