2960 4516
1239 187 1284 257 13

161 373 258 438 quam
288 349 484 436 composita,
520 345 601 435 δρυίω
630 347 731 414 multo
761 349 866 414 rarius
894 354 1000 414 exstat
1023 370 1120 432 quarn
1143 347 1285 434 συνσράω,

162 457 238 538 quia
261 454 397 536 simplex
418 449 511 534 ὃράω,
534 452 653 535 quippe
676 452 763 534 quod
785 473 805 515 a
826 452 930 515 vocali
952 452 1081 515 initium
1103 453 1212 535 capiat
1230 473 1284 516 vo·

162 558 279 623 calium
315 557 558 621 concursionem
594 575 691 636 saepe
728 554 855 618 efficere
891 555 1007 636 potuit.
1053 551 1152 638 Ὁράυ
1185 554 1285 636 igitur

164 665 238 742 post
259 663 472 723 consonantes
485 656 590 742 'modo
612 657 788 738 reperitur,
819 661 893 738 post
920 655 1045 720 vocales
1075 676 1201 738 semper
1223 677 1287 720 συν-

163 759 245 845 οράω
267 763 306 826 Ε.
327 765 357 824 4.
382 763 421 824 13
444 755 459 824 ὁ
483 757 517 823 δὲ
538 755 679 838 βασιλεὺς
700 753 775 842 ὁρῶν
797 757 854 822 sed
875 761 964 823 Β.18.
989 761 1008 822 9
1031 756 1111 843 μετὰ
1134 757 1288 824 δὲταῦτα

162 867 351 947 συνορῶντες
373 869 408 925 A.
430 864 481 926 20.
507 865 534 925 7.
558 860 633 929 ‘c'ben
653 856 789 944 δρῶντες,
811 881 921 924 verum
944 865 978 924 A.
997 861 1048 924 32.
1071 864 1090 925 8
1114 868 1142 925 οῖ
1156 882 1287 946 στρατη-

161 965 218 1048 γοὶ
240 962 427 1040 συνιδόντες.
467 962 554 1047 Quin
569 1001 611 1010 -
626 963 754 1027 etiamsi
769 962 988 1027 antecedentis
1004 964 1161 1028 enuntiati
1175 963 1290 1028 ultima

164 1087 226 1131 vox
248 1067 281 1130 iu
303 1066 447 1130 vocalem
469 1064 672 1145 terminatur,
697 1085 823 1147 semper
844 1064 980 1147 legimus
1010 1066 1223 1146 compositum
1252 1071 1288 1128 A.

165 1171 216 1232 23.
241 1172 268 1231 1.
292 1168 396 1233 παντί.
432 1164 622 1242 Συνιδὸντες
645 1166 707 1230 δ’..
730 1172 766 1229 A.
787 1169 837 1229 26.
862 1169 882 1229 2
905 1163 1009 1231 ἐδόκει
1032 1167 1209 1244 συνιδόντες
1230 1165 1288 1250 γὰρ

165 1275 215 1334 54.
239 1274 259 1334 5
281 1275 424 1356 ποιῆσαι.
449 1266 590 1332 Συνιδὼν
606 1265 673 1332 δὲ..
697 1270 735 1330 Γ.
751 1271 800 1332 18.
816 1271 855 1330 12
877 1269 999 1352 λιμένα.
1030 1271 1228 1352 Συνσρῶντες
1246 1268 1288 1332 δέ.

165 1371 391 1435 adnumeres
420 1377 455 1434 A.
481 1374 530 1434 14.
555 1373 590 1449 63
620 1373 671 1434 25.
695 1373 729 1450 23
759 1373 810 1434 26.
833 1373 868 1449 23
902 1372 952 1435 33.
977 1373 1010 1448 83
1041 1374 1090 1435 35.
1116 1373 1149 1450 8;
1180 1373 1231 1434 48.
1256 1373 1289 1449 6;

149 1475 214 1546 ,48.
239 1475 275 1551 8;
299 1475 349 1536 59.
373 1475 408 1551 2;
431 1475 481 1536 84.
507 1474 539 1550 6;
562 1475 599 1535 Β.
624 1473 673 1535 10.
699 1474 732 1551 6;
757 1473 807 1535 18.
830 1475 862 1551 11;
887 1474 987 1550 67.6;
1010 1475 1047 1536 Γ.
1065 1475 1093 1536 6.
1110 1475 1144 1552 9;
1169 1473 1290 1550 18.12;

165 1576 214 1645 65.
239 1576 276 1652 4;
300 1576 351 1637 69.
377 1577 431 1652 11;
455 1577 505 1636 71.
524 1577 556 1652 1;
580 1576 630 1637 82.
655 1577 688 1651 7;
712 1577 763 1637 94.
789 1577 820 1652 1;
844 1575 895 1637 94.
919 1577 953 1653 6;
978 1576 1049 1638 108.
1073 1577 1106 1653 9;
1130 1580 1163 1637 Δ.
1186 1576 1236 1637 58.
1253 1577 1290 1651 5;

165 1680 216 1742 71.
248 1681 275 1741 1.
329 1676 426 1761 Quod
465 1676 530 1739 iam
565 1675 661 1738 etiam
694 1680 768 1756 post
802 1680 1015 1740 consonantes
1048 1674 1182 1760 συνοράι)
1213 1696 1291 1740 non-

166 1800 331 1863 nunquam
352 1779 500 1860 pouitur‚
523 1779 640 1842 mirum
662 1799 727 1842 non
749 1777 912 1841 videbitur
933 1784 969 1842 A.
994 1781 1043 1842 35.
1068 1780 1102 1858 9;
1126 1780 1177 1843 60.
1201 1782 1234 1855 9;
1255 1782 1290 1842 Β.

165 1886 215 1946 25.
240 1887 258 1946 7
268 1905 275 1961 3
299 1884 349 1946 33.
373 1886 407 1961 2;
430 1885 480 1946 41.
506 1883 555 1944 14.
578 1884 616 1944 Γ.
641 1883 690 1945 66.
718 1884 751 1960 3;
775 1884 826 1945 84.
852 1885 906 1960 11;
930 1885 967 1946 Ε.
989 1883 1017 1944 3.
1041 1883 1071 1945 5.
1087 1879 1237 1944 -Idem
1252 1880 1292 1943 de

165 1983 263 2048 verbo
286 1981 466 2067 συνεγγίζειυ
481 1982 654 2046 dicendum
670 1987 728 2063 est,
751 2004 826 2046 nam
842 1983 969 2067 ἐγγίζειν
990 1989 1065 2065 post
1079 1987 1293 2047 consonantes

166 2091 294 2150 tantum
320 2085 456 2168 legimus
479 2089 520 2149 H.
544 2087 573 2149 6.
598 2088 617 2148 6
637 2083 722 2150 ’όταν
745 2085 886 2168 ἐγγίσωσι
908 2085 965 2149 sed
987 2089 1023 2150 B.
1046 2089 1096 2149 25.
1121 2088 1140 2150 8
1170 2082 1238 2170 ἅμα
1260 2081 1294 2148 δὲ

164 2193 211 2275 τῷ
233 2187 423 2272 συνεγγίζειν
440 2227 477 2236 -
496 2191 549 2251 ΙΕ.
574 2190 624 2251 31.
642 2190 661 2252 3
683 2186 808 2271 briccie,
831 2187 1012 2272 ἐγγίσαντες
1033 2189 1100 2253 δέ..
1123 2207 1234 2251 verum
1256 2193 1291 2250 A.

167 2293 214 2353 19.
236 2292 256 2352 2
278 2287 343 2353 καὶ
365 2289 566 2373 συνεγγίσασι
589 2293 625 2352 Β.
641 2293 693 2352 25.
711 2292 730 2352 8
746 2289 935 2374 συμβαλεῖν.
966 2287 1175 2373 Ἐγγίσαντες
1198 2289 1235 2370 δ’,
1260 2294 1293 2352 at

165 2397 198 2454 Δ.
222 2393 332 2455 6410
353 2391 511 2477 διαφέρει.
545 2390 790 2474 Συνεγγίζσντος
812 2392 874 2455 δ’..
898 2392 1051 2475 inspicias
1066 2396 1235 2474 praeterea
1257 2398 1293 2454 A.

164 2495 216 2555 22.
242 2495 274 2570 13
298 2494 349 2555 23.
373 2495 410 2570 8;
433 2495 484 2554 24.
510 2493 564 2569 10;
588 2493 639 2554 53.
663 2493 697 2570 8;
720 2495 772 2554 53.
797 2495 850 2571 12;
874 2496 925 2556 78.
949 2496 968 2556 3
996 2497 1032 2557 Β.
1055 2497 1107 2558 28.
1132 2497 1148 2556 1
1179 2495 1217 2557 Γ.
1241 2495 1292 2558 50.

166 2597 200 2672 s;
224 2596 274 2657 ea
300 2597 332 2673 13
358 2596 409 2658 aa
435 2596 490 2672 133
516 2577 646 2672 maa
671 2595 742 2657 νου.
766 2596 800 2672 σ;
824 2605 857 2656 n.
883 2598 931 2658 11.
955 2597 990 2674 63
1013 2598 1065 2658 22.
1086 2600 1119 2675 ⁷3
1143 2598 1231 2659 aas
1254 2599 1292 2659 u.

166 2699 217 2758 47.
240 2699 275 2774 2;
299 2699 350 2758 74.
376 2699 408 2773 1;
436 2696 505 2760 110.
531 2698 547 2758 1
571 2715 619 2776 sq.
643 2733 685 2741 —
712 2695 796 2758 Post
823 2701 1036 2760 consonantes
1063 2717 1205 2778 quoque,
1237 2697 1293 2761 sed

165 2817 239 2860 raro
262 2802 298 2860 A.
322 2799 372 2860 76.
396 2801 430 2875 7;
463 2799 499 2861 Β.
523 2799 574 2860 26.
600 2801 631 2875 13
663 2800 701 2860 Γ.
726 2799 776 2861 68.
801 2800 834 2877 83
865 2801 994 2877 84.16;
1027 2799 1154 2878 106.1;
1185 2805 1218 2862 Δ.
1242 2801 1293 2862 22.

168 2900 208 2961 10
230 2919 278 2980 sq.
308 2935 351 2945 -
381 2891 474 2982 Quae
498 2919 571 2962 cum
593 2898 640 2961 ita
662 2897 744 2978 sint,
774 2897 862 2961 haud
892 2897 1027 2963 dubium
1049 2899 1187 2980 videtur,
1217 2901 1295 2982 quin

166 3019 285 3082 magna
308 3000 402 3080 copia
425 2999 654 3080 exemplorum,
680 3019 763 3081 quae
786 3000 964 3083 συνεγγίζειν
987 3000 1149 3081 exhibent,
1172 3023 1211 3066 ex
1238 3001 1294 3064 illo

165 3101 370 3182 potissimum
381 3100 490 3165 hiatus
503 3101 645 3166 evitandi
657 3100 765 3164 studio
778 3102 936 3183 originem
951 3103 1081 3185 ceperit,
1104 3105 1295 3185 praesertim

165 3223 238 3266 oum
261 3202 443 3286 συνεγγίζειν
465 3225 485 3266 a
507 3203 648 3287 Polybio
671 3203 740 3283 ipso
763 3203 874 3267 fictum
896 3204 1052 3268 videatur.
1102 3204 1226 3270 Contra
1255 3207 1296 3270 de

166 3303 319 3368 adverbio
343 3302 490 3388 σύνεγγυς
512 3326 564 3369 res
588 3325 622 3369 se
644 3305 692 3368 ita
713 3303 822 3386 habet,
845 3311 892 3386 ut,
916 3327 988 3370 cum
1010 3306 1075 3369 iam
1104 3311 1180 3371 ante
1210 3307 1296 3373 hunc

167 3405 358 3487 scriptorem
383 3407 556 3487 exstiterit,
588 3405 641 3469 hic
664 3405 744 3469 illud
766 3426 830 3470 non
860 3407 965 3470 miuus
996 3427 1090 3490 saepe
1119 3413 1194 3490 post
1220 3430 1295 3473 con-

170 3512 323 3571 sonantes
353 3507 532 3572 substituat
561 3529 660 3590 quam
687 3513 762 3589 post
793 3508 933 3572 vocales:
965 3509 1043 3591 quid
1066 3511 1200 3594 mirum,
1223 3533 1295 3576 cum

167 3608 206 3671 P.
237 3605 366 3672 omuino
403 3609 522 3672 formas
558 3609 724 3674 uberiores
764 3609 902 3674 libenter
939 3612 1061 3694 captet!
1100 3613 1192 3698 ἐγγύς
1221 3619 1295 3697 post

163 3715 427 3773 consonantes
450 3709 546 3774 modo
563 3715 595 3774 et
610 3711 715 3774 rarius
731 3711 851 3793 legitur
872 3719 908 3775 A.
925 3716 976 3776 51.
994 3717 1032 3777 11
1057 3714 1094 3779 αἵ
1111 3737 1166 3800 περ
1190 3717 1295 3800 ἔτυχον

163 3808 254 3894 ἐγγὺς
276 3800 365 3876 οὖσαι
387 3815 425 3874 Γ.
449 3797 499 3876 30'.
522 3815 542 3875 2
565 3812 675 3896 καίπερ
695 3811 787 3896 ἐγγὺς
809 3810 906 3889 ὄντων,
922 3851 965 3860 —-
987 3815 1044 3878 sed
1062 3813 1205 3900 σύνεγγυς
1220 3817 1294 3880 sub·

163 3911 312 3993 seqnitur
327 3933 452 3995 semper
468 3913 622 3977 vocales
645 3920 680 3977 A.
697 3917 748 3977 49.
765 3918 784 3978 5
800 3919 853 3978 τοῦ
870 3912 924 3999 μὲν
947 3919 1020 3980 πλοῦ
1044 3915 1188 4001 σύνεγγυς
1210 3917 1295 3994 ’σ’ντος

23 4088 33 4100 .
165 4017 202 4078 Ε.
225 4015 277 4078 23.
302 4019 320 4077 7
348 4013 500 4101 φάλαγγα
524 4015 675 4100 σύνεγγυς
697 4022 733 4079 A.
757 4019 808 4079 51.
835 4019 866 4095 1;
895 4020 931 4079 Β.
954 4019 1005 4079 26.
1028 4020 1063 4095 23
1095 4022 1147 4081 28.
1173 4021 1225 4097 11;
1255 4021 1293 4080 Γ.

163 4119 214 4180 61.
241 4119 273 4195 13
298 4119 348 4179 aa.
369 4120 404 4195 a
428 4120 478 4180 73.
508 4122 539 4194 13
564 4119 635 4181 1o1.
661 4122 680 4180 a
704 4124 736 4181 1.
763 4121 811 4180 ιν.
838 4120 891 4194 1a;
915 4119 968 4180 or.
995 4120 1026 4195 1;
1050 4120 1100 4180 cc.
1124 4123 1157 4197 63
1181 4122 1219 4182 u.
1243 4120 1293 4182 23.
