2960 4516
1194 276 1241 348 21

526 434 636 521 Μέχρι,
658 433 725 517 ἕως,
749 433 833 522 ἄχρι.

199 575 417 642 Transeamus
439 591 524 635 nunc
547 569 590 634 ad
611 570 789 652 particulas
811 571 901 657 μέχρι
923 578 956 638 ot
973 571 1038 652 ἕως.
1084 575 1242 661 Quisquis

110 680 147 744 in
168 677 287 743 litteris
301 678 449 740 versatur
463 693 567 755 usque
582 670 624 736 ad
639 670 866 766 Alexandrum
880 695 1035 758 magnum
1048 674 1243 743 florentibus

111 778 367 865 quotiescunque
403 774 547 840 occurrit
583 775 698 840 vocula
734 774 808 855 ἕως,
839 775 924 842 hanc
953 776 1035 842 nihil
1063 777 1153 844 aliud
1181 779 1245 844 nisi

111 881 373 949 coniunctionem
395 897 479 961 quae
500 881 635 943 vocatur
655 877 845 962 intellegere
868 879 1074 965 consuerit.¹)
1120 878 1245 946 Contra

111 986 141 1050 si
177 983 306 1066 longius
342 980 506 1066 progressi
543 980 677 1045 erimus:
702 1001 775 1046 oum
805 982 894 1064 apud
923 981 1136 1049 Aristotelem
1158 1004 1243 1050 com-

110 1085 223 1169 plures
244 1084 332 1150 locos
354 1082 563 1166 reperiamus,
587 1080 705 1165 quibus
728 1102 822 1148 casus
844 1103 889 1148 sc.
916 1084 1084 1167 genetivus
1113 1085 1155 1150 ab
1187 1083 1267 1164 tor'

110 1186 296 1273 pendeat,⁹)
333 1205 354 1250 a
374 1183 516 1269 Polybio
539 1183 624 1248 hanc
644 1184 841 1266 particulam
862 1205 935 1250 cum
957 1186 1074 1272 casul)
1102 1187 1241 1252 nominis

112 1287 318 1355 coniunctam
349 1285 447 1352 toties
480 1283 629 1350 adhiberi
663 1285 971 1369 animadvertemus,
1005 1292 1043 1352 ut
1072 1309 1244 1354 numerum

111 1391 260 1456 locorum
281 1389 370 1475 μέχρι
393 1386 615 1453 exhibentium
636 1408 702 1452 non
724 1388 820 1453 modo
844 1393 971 1472 aequet,
1002 1410 1113 1455 verum
1143 1391 1243 1456 etiam

112 1497 258 1577 superet;
280 1489 392 1574 primis
415 1490 501 1555 enim
523 1489 666 1572 quinque
687 1489 779 1554 libris
802 1489 1023 1576 quadraginta
1037 1498 1161 1578 septem
1176 1491 1241 1558 loci

113 1594 330 1674 continentur,
353 1591 472 1674 quibus
495 1589 552 1668 ἕως
575 1595 692 1674 exstat,
715 1592 840 1676 viginti,
863 1593 982 1678 quibus
1005 1594 1135 1681 utyptf)

199 1711 358 1782 Venimus
391 1709 435 1776 ad
466 1708 583 1774 harum
615 1710 851 1792 particularum
885 1712 1139 1778 collocationem.
1188 1712 1242 1778 Ac

111 1817 253 1902 primum
272 1813 329 1892 ἕως
343 1817 418 1898 post
440 1817 725 1877 consonantes
747 1813 978 1879 tantummodo
993 1815 1131 1900 repperi,
1154 1814 1244 1900 μέχρι

112 1915 335 1984 vocalibus
364 1914 581 1998 postponitur.
629 1917 782 1980 Area
812 1913 892 2001 πλὴν
919 1914 976 1996 ἕως
1009 1904 1241 2002 ἀκροβολισμοῦ

113 2056 319 2068 ffl-

202 2121 223 2190 ¹)
241 2121 320 2187 Quod
338 2123 430 2174 tauren
448 2119 628 2174 inveniuntur
645 2120 712 2186 loci,
738 2119 787 2173 ubi
807 2119 857 2182 ἕως
874 2119 1000 2187 genetivo
1018 2119 1173 2188 appositum
1191 2119 1242 2186 est,

113 2206 289 2261 librariorum
306 2205 406 2258 vitium
424 2205 526 2274 optimo
543 2203 603 2257 iurc
622 2204 799 2258 statuendum
816 2220 877 2259 esse
895 2204 1032 2258 existimo.
1068 2203 1157 2257 Semel
1169 2203 1242 2272 apud

115 2289 286 2346 Herodotum
295 2289 331 2342 11.
343 2286 518 2367 lddlegImus
529 2287 579 2349 ἕως
589 2279 628 2344 on‘:
649 2287 786 2352 διεξιόντες
799 2287 844 2344 διὰ
860 2289 975 2351 πασέων,
995 2287 1045 2350 ἕως
1063 2278 1093 2342 od
1111 2285 1241 2352 ἀπέδεξαν

113 2373 218 2437 ἁπάσας
223 2373 311 2436 adroic.
331 2373 418 2440 Quam
424 2373 576 2442 lectionem,
586 2375 639 2428 etsi
645 2374 766 2430 Steinius
772 2377 880 2444 retinet,
893 2374 1001 2428 Bekker
1012 2375 1132 2444 itemque
1138 2372 1241 2427 Abich·

113 2465 172 2518 tius
181 2477 236 2516 non
244 2461 347 2514 iniuria
355 2461 464 2514 mutant
475 2461 504 2513 in
517 2460 545 2522 ἐς
562 2454 585 2514 ὃ.
594 2492 628 2501 -
636 2460 688 2514 llle
705 2464 797 2515 autem
808 2461 886 2515 locus
893 2459 1124 2514 Demosthenicus
1135 2457 1241 2513 xvm.

114 2545 166 2601 106
183 2547 233 2608 ἕως
251 2547 328 2613 τριῶν
346 2544 443 2620 uictor
461 2547 552 2600 exstat
568 2547 598 2600 in
616 2545 749 2615 catalogo,
769 2546 816 2614 qui
839 2547 951 2614 spurius
975 2544 1098 2599 habetur.
1117 2544 1164 2598 cir.
1182 2543 1241 2600 Ral.

112 2633 244 2687 Kuehner
260 2632 297 2700 II,
315 2649 341 2700 p.
358 2629 423 2696 2973
445 2632 586 2684 occasione
609 2631 672 2685 data
694 2631 786 2686 locum
803 2630 1013 2699 Thucydideum
1035 2631 1153 2698 proferre
1171 2627 1241 2682 mihi

112 2717 196 2772 liceat
216 2717 272 2785 III,
303 2714 350 2770 108
372 2711 390 2783 ἡ
415 2713 461 2784 μὲν
484 2713 556 2785 μάχη
578 2714 702 2770 ἐτελεύτα
724 2716 774 2777 ἕως
793 2713 857 2782 ὀψέ,
875 2715 936 2783 ubi,
954 2731 1018 2769 oum
1036 2713 1188 2769 Lobeclrius
1206 2713 1241 2768 ad

114 2801 304 2871 Phrynichum
324 2819 349 2870 p.
367 2789 402 2855 47
419 2801 482 2856 Not.
502 2801 628 2856 codicum
652 2801 796 2856 lectionem
815 2801 953 2870 sequatur,
976 2815 1040 2852 cum
1057 2797 1196 2866 Kmegero
1214 2798 1242 2851 et

114 2887 256 2942 Classenio
283 2887 333 2948 tec
362 2886 392 2940 in
415 2885 443 2948 ἐς
469 2886 632 2941 mutandum
656 2901 716 2940 csse
747 2884 871 2940 arbitror.
910 2883 983 2939 Nam
1005 2884 1124 2954 primum
1143 2883 1241 2936 ceteris

113 2971 184 3027 locis
194 2972 367 3043 Thucydides
379 2973 495 3026 verbum
508 2973 631 3026 τελευτᾶν
645 2986 751 3038 semper
763 2987 826 3024 cum
839 2970 1038 3038 praepositione
1055 2968 1083 3030 ἐς
1100 2968 1243 3037 coniungit

114 3058 162 3112 clr.
180 3057 204 3127 I,
222 3056 263 3112 51.
275 3055 306 3125 3;
324 3058 376 3126 III,
394 3056 435 3111 78.
449 3054 481 3124 43
499 3056 577 3124 VIII,
595 3053 667 3110 23.2
685 3071 724 3124 sq.
744 3054 841 3109 deinde
859 3053 962 3110 locutio
980 3057 1101 3110 τελευτᾶν
1120 3053 1171 3114 ἕως
1188 3049 1242 3119 ὀψέ

113 3143 219 3212 aliquid
237 3143 347 3198 molesti
362 3143 445 3198 habet
461 3143 542 3212 atque
561 3141 679 3196 obscuri.
715 3139 845 3194 Kuehner
869 3156 975 3210 quoque
992 3140 1047 3210 legi
1064 3140 1127 3195 vult
1144 3138 1172 3202 ἐς
1190 3134 1242 3206 ὀψέ

113 3227 375 3296 mmpfflh

200 3329 222 3398 ⁹)
240 3331 304 3385 Vid.
313 3331 433 3384 indicem
447 3326 655 3384 Aristotelicum
665 3343 690 3394 p.
701 3323 760 3394 307,
779 3325 827 3394 qui
838 3327 912 3381 inest
922 3327 951 3381 in
960 3327 1119 3382 Aristotelis
1128 3343 1242 3396 operum

113 3414 254 3470 volumine
273 3417 368 3484 quinto
385 3414 419 3470 ab
437 3413 586 3468 Academia
603 3411 824 3482 regeBorussica
841 3412 992 3480 editomm3
1012 3413 1059 3467 cfr.
1077 3414 1160 3467 etiam
1169 3412 1240 3466 Rue.

113 3499 226 3554 Euokou
243 3500 261 3554 l.
280 3518 303 3557 a.
322 3517 347 3569 p.
365 3497 414 3554 21:
441 3497 511 3567 „ior
537 3497 623 3551 findet
649 3497 710 3552 sich
735 3497 807 3551 auch
832 3498 862 3551 in
889 3497 941 3551 den
968 3497 1081 3553 aechten
1104 3497 1241 3552 Schriften

114 3581 201 3635 oetier
217 3583 269 3636 mit
287 3583 348 3639 dem
368 3585 484 3639 Genetiv
501 3583 671 3650 verbunden,
691 3582 773 3637 so..“
791 3583 945 3651 sequuntur
961 3581 1023 3637 loci.

201 3683 223 3753 ⁸)
241 3685 284 3740 Ne
302 3686 431 3740 adverbio
449 3683 561 3755 quidem
579 3683 742 3755 particulam
761 3683 812 3744 ἕως
829 3673 981 3752 reperimus
998 3687 1151 3756 appositam
1168 3685 1240 3740 anti·

114 3769 258 3839 quioribus
279 3771 461 3841 temporibus,
483 3770 539 3824 nisi
566 3769 641 3838 quod
664 3770 771 3824 codices
794 3771 829 3826 ad
846 3769 1034 3838 Thucydidem
1051 3771 1103 3840 111,
1122 3768 1172 3824 108
1190 3769 1241 3831 tor

114 3853 166 3921 ὀψὲ
184 3855 328 3923 exhibent,
351 3856 408 3910 vid.
427 3857 532 3923 tamen,
552 3854 625 3922 quod
644 3854 695 3908 sub
714 3852 728 3907 l
748 3855 814 3908 dixi.
842 3884 873 3894 —
901 3854 984 3909 Haud
1007 3871 1084 3924 aegre
1105 3855 1240 3924 Polybius

114 3939 257 4010 praeponit
274 3939 324 4002 ἕως
342 3941 590 4011 praepositionibus
608 3939 653 4006 εἰς,
672 3938 723 4007 ἐπὶ,
741 3938 815 4008 πρὸς,
834 3956 917 4009 quam
935 3942 1103 3995 structuram
1120 3941 1240 4010 conlegi

113 4027 177 4082 ante
195 4025 383 4096 Aristotelem,
407 4025 455 4095 qui
473 4025 584 4095 quidem
602 4025 710 4080 duobus
727 4026 796 4080 locis
815 4027 848 4080 de
866 4028 934 4094 part
952 4027 1033 4079 anim.
1051 4021 1103 4078 650
1120 4041 1136 4078 a
1158 4023 1191 4078 17
1212 4027 1240 4078 et

112 4109 210 4164 mirab.
227 4105 278 4163 841
296 4126 313 4165 a
329 4109 347 4165 2
363 4111 474 4180 praebet
492 4110 543 4172 ἕως
560 4109 597 4171 εἰς
614 4110 662 4164 ec.
681 4109 751 4164 Rud.
771 4111 883 4165 Eucken
901 4126 926 4178 p.
944 4107 988 4163 21.

200 4209 224 4280 ⁴)
241 4210 388 4282 Polybium
396 4214 542 4268 imitantur
549 4212 685 4267 Diodorus
695 4214 723 4266 et
735 4213 881 4281 scriptores
890 4211 963 4265 Nori
972 4209 1087 4264 lostam.
1098 4207 1238 4264 librorum.
