2960 4516
209 148 256 223 14

205 321 225 381 7
248 335 296 398 sq.
319 335 380 379 nec
401 315 506 378 minus
529 334 625 397 saepe
655 317 869 379 consonantes
899 319 935 378 A.
958 313 1010 378 21.
1035 316 1089 394 10;
1120 316 1170 378 30.
1196 316 1248 396 153
1279 317 1329 380 74.

208 421 262 497 14;
284 421 320 482 Β.
346 419 395 482 18.
420 418 453 503 li
476 419 527 480 27.
551 418 585 494 3;
611 418 662 480 59.
685 419 719 496 2;
742 419 780 480 Γ.
804 417 855 480 60.
880 418 934 497 10;
958 419 1009 481 66.
1033 420 1066 498 6;
1090 420 1141 481 67.
1165 420 1198 496 2;
1221 420 1272 482 96.
1295 420 1330 496 2;

205 525 229 583 Δ
252 522 304 584 69.
327 521 346 583 6
369 522 408 583 Ε.
434 521 483 582 19.
505 522 542 598 4;
566 521 616 582 81.
638 522 660 583 4
682 539 730 601 sq.

291 620 398 689 Venio
421 620 463 684 sd
485 640 523 684 ea
544 619 643 685 verba
666 641 738 684 cum
762 617 814 685 σὺν
837 621 1023 702 composita,
1047 641 1131 704 quae
1154 641 1225 685 cum
1255 625 1331 703 post

202 722 331 787 vocales
371 722 596 787 tantummodo
638 727 766 786 exstent
801 722 908 788 nescio
941 743 984 787 66
1017 724 1156 805 scriptor
1189 724 1234 787 eis
1266 743 1331 787 non
1461 771 1469 786 .

202 843 281 889 usus
304 825 360 906 sit,
390 824 453 888 nisi
485 823 593 888 hiatus
624 823 767 888 evitandi
797 845 903 890 causa.
948 825 1095 888 Primum
1117 844 1330 889 commemoro

204 926 443 1012 συνεπιδείκνυμι
464 929 520 991 ΙΠ.
536 928 623 991 463
646 922 762 1004 sibeos
777 927 1000 1011 ἐπεδείκνυσαν,
1031 948 1141 992 verum
1164 931 1202 991 Γ.
1226 929 1277 991 38.
1300 931 1330 990 5.

202 1029 252 1094 ἐπι
266 1025 339 1106 τοὺς
354 1026 463 1104 τόπους
479 1023 528 1093 άεί
542 1026 613 1105 τοὺς
628 1025 679 1094 διὰ
694 1027 793 1112 λόγὺυ
811 1031 1140 1114 συνεπιδεικνυμένους.
1174 1031 1241 1093 ΛΓ.
1253 1032 1283 1092 5.
1301 1033 1330 1092 1.

203 1131 300 1218 Quod
321 1130 455 1194 verbum
476 1151 540 1195 non
562 1132 597 1195 in
618 1152 680 1195 usu
702 1131 765 1196 fuit
786 1137 876 1196 ante
898 1131 1081 1216 Polybium.
1126 1131 1218 1196 Idem
1241 1130 1331 1195 66616

201 1233 235 1296 16
251 1231 507 1317 συνυποδείκνυμι.
535 1228 754 1318 ’Υποδείκνυμι
765 1239 839 1317 post
854 1239 1118 1299 consonantes
1133 1237 1260 1297 tantum
1274 1235 1329 1313 lu,

205 1334 368 1418 καίιαρίως
391 1330 547 1414 ὑποδεῖξαι
570 1338 638 1400 ΚΖ.
662 1340 691 1400 8.
716 1339 733 1400 1
758 1336 988 1420 συναχῖιένπος,
1011 1330 1177 1413 ὑπέδειξάν
1199 1356 1331 1411 τινες-

203 1434 261 1500 666
276 1435 522 1522 συνυποδείκνυμι
537 1443 613 1521 6666
634 1438 790 1503 vocales
807 1437 904 1502 modo
926 1444 963 1501 A.
979 1440 1030 1500 27.
1045 1441 1061 1501 1
1075 1437 1138 1504 καί
1153 1437 1331 1502 συνυποδεί-

203 1534 312 1616 ξαντες
341 1533 447 1616 αὑτοῖς
475 1537 533 1605 ὑτι.
550 1588 582 1604 ..
610 1543 649 1604 Ε.
674 1542 725 1604 98.
757 1543 796 1604 11
826 1537 1042 1624 πειρασάμείια
1076 1537 1330 1605 συνυποδεικνὺειν

202 1644 325 1717 πῶς...
348 1643 400 1704 21.
423 1645 444 1705 4
465 1640 516 1706 ίνα
538 1639 572 1707 δὲ
594 1638 774 1728 μή-κωφὰ
796 1642 921 1726 γένηται
943 1639 985 1708 τὰ
1006 1640 1172 1727 λεγόμενα,
1196 1663 1329 1707 συνυπο-

203 1743 338 1808 δεικτέον
360 1740 398 1809 dn
420 1742 467 1829 εἴη
489 1742 547 1830 τὴν
569 1743 666 1831 φύσιν.
683 1793 715 1810 ..
748 1744 825 1809 Η66
843 1749 951 1809 autem
966 1743 1101 1809 verbum
1116 1744 1330 1826 compositum

200 1844 283 1909 nihil
306 1845 396 1910 aliud
418 1847 602 1931 significare
624 1848 685 1911 nisi
708 1849 844 1931 simplex
867 1868 906 1913 ex
935 1847 986 1912 his
1016 1847 1142 1913 duobus
1173 1845 1328 1928 exemplis

200 1947 453 2014 luculentissime
472 1956 608 2034 apparet
629 1953 667 2015 Γ.
690 1954 741 2015 48.
765 1950 826 2015 861
841 1949 884 2037 μὴ
907 1989 950 1998 -
967 1949 1049 2036 ἥρως
1066 1945 1250 2034 ἀπαντήσας
1263 1954 1329 2024 τοῖς

199 2048 267 2134 περὶ
287 2047 340 2115 τὺυ
363 2051 500 2132 Ἀννίβαν
522 2048 659 2131 ὑπέδειξε
680 2049 739 2130 τὰς
761 2048 849 2130 ὑδοὺς
873 2073 912 2116 66
926 2051 1036 2134 666116
1051 2056 1129 2134 post
1149 2053 1201 2115 48.
1225 2054 1242 2113 7
1265 2048 1330 2135 ἥρω

201 2149 268 2216 τινά
292 2174 384 2237 φασιν
408 2153 596 2241 ἐπιφανέντα
620 2153 839 2233 συνυποδεῖξαι
860 2152 919 2231 τὰς
941 2150 1029 2229 ὑδοὺς
1051 2148 1169 2231 αὑτοῖς;
1199 2172 1240 2215 66
1263 2173 1328 2216 συν-

202 2253 411 2320 υποδεικνὺναι
441 2256 571 2338 quidem
602 2262 677 2321 ante
706 2256 853 2321 historici
882 2260 1024 2320 aetatem
1053 2255 1184 2338 reperis.
1236 2252 1330 2318 Idem

202 2355 293 2419 cadit
328 2357 362 2420 in
386 2357 645 2442 συνυποκρίνομαι.
683 2353 928 2441 ’Υποκρίνεσὶιαι
950 2361 1024 2440 6666
1046 2358 1328 2420 consonantes

201 2462 330 2522 tantum
351 2461 390 2522 E.
403 2461 455 2523 25.
469 2463 487 2522 7
512 2459 581 2524 τότε
604 2457 666 2544 μὲν
689 2456 755 2524 ὑπο
765 2458 884 2543 κριὲιείς
898 2455 938 2535 ὑς
952 2458 1149 2542 πεπεισμένος
1170 2461 1225 2522 ΙΕ.
1240 2459 1292 2520 26.
1308 2459 1329 2520 2

200 2558 259 2637 τὰς
281 2558 336 2644 μὲν
358 2556 468 2644 ἀρχὰς
491 2557 674 2645 ὑπεκρίνετο
697 2559 749 2626 τὸν
764 2558 797 2626 οὑ
820 2560 984 2646 δυνάμενον
1005 2559 1096 2624 εἰπεῖν
1118 2557 1239 2622 —sed
1262 2579 1328 2622 συν-

199 2661 419 2744 υποκρίνεσῇαι
440 2667 514 2743 post
535 2662 661 2727 vocales
684 2663 780 2727 modo
802 2666 841 2727 Γ.
864 2665 915 2726 92.
938 2667 958 2726 6
981 2659 1098 2742 Φάβιος
1121 2662 1242 2737 ἔςπευδε
1264 2659 1329 2724 καί

201 2763 438 2847 συνυπεκρίνετο
475 2771 539 2841 τοῖς
568 2762 733 2848 προῗιὺμως
761 2803 804 2812 -
831 2764 1040 2849 διακειμένοις,
1070 2762 1195 2847 ἐγγίσας
1225 2759 1258 2825 δὲ
1285 2765 1330 2847 τῷ

201 2866 345 2952 Φαλέρνῳ
367 2905 408 2913 -
432 2862 621 2952 άντιπαρήγε
650 2874 714 2943 τοῖς
745 2866 913 2951 πολεμίοις,
947 2886 1011 2948 quo
1038 2865 1110 2929 loco
1143 2883 1258 2928 caveas
1287 2883 1328 2925 ne

202 2967 424 3049 interpreteris
447 2967 591 3049 „Fabius
614 2967 789 3032 simulabat
810 2988 875 3032 una
897 2989 971 3031 cum
992 2967 1047 3047 iis,
1077 2965 1133 3048 qui
1162 2963 1329 3046 pugnandi

201 3069 381 3151 cupiditate
403 3071 526 3134 incensi
542 3075 644 3151 erant,
668 3069 887 3152 cupiditatem,
910 3090 986 3132 nam
1000 3068 1035 3132 hi
1049 3088 1115 3131 non
1129 3065 1329 3129 simulabant

199 3169 257 3233 sed
279 3170 457 3251 profecto
481 3178 574 3237 erant
595 3173 715 3254 cupidi.
749 3171 863 3254 Atque
885 3171 942 3234 illa
964 3169 1189 3252 interpretatio
1209 3167 1327 3248 „simu-

116 3318 118 3322 -
197 3271 288 3336 labat
316 3273 374 3354 iis,
405 3294 477 3338 oum
507 3274 546 3338 iis
576 3278 696 3357 agens“
725 3293 831 3337 nonne
860 3271 960 3336 habet
989 3270 1113 3354 aliquid
1134 3269 1229 3332 nimis
1252 3288 1328 3331 con·

197 3372 298 3436 torti?
321 3372 429 3438 Oeteri
451 3375 515 3439 loci
538 3380 614 3439 sunt
634 3379 673 3439 Γ.
702 3377 752 3438 31.
778 3379 795 3436 7
819 3372 890 3438 καί
915 3370 1207 3457 συνυποκρινάμενοι
1231 3371 1282 3432 62.
1306 3371 1327 3432 6

197 3472 263 3538 καί
286 3475 500 3561 σννυπεκρίίιη
524 3476 674 3544 sibeston
688 3475 799 3561 φιλίαν.
843 3478 882 3540 Ε.
904 3478 955 3539 24.
980 3477 1018 3538 11
1040 3471 1237 3558 χρηματίσας
1258 3468 1327 3535 τοὺ-

195 3597 260 3653 τοις
274 3575 339 3640 καί
362 3576 601 3660 συνυποκριῖεείς
623 3577 678 3643 καί
692 3575 797 3664 φήσας
811 3579 894 3641 497
918 3574 998 3661 ταχὺ
1026 3573 1065 3641 δὲ
1088 3571 1327 3657 συνυποκριὶιείς

196 3675 260 3742 καί.
279 3725 310 3741 ..
336 3680 443 3742 1026
465 3677 534 3743 καὶ
557 3678 795 3764 συνυποκριίιείς
817 3678 857 3755 ὡς
883 3678 1022 3764 ἐμβαλῶν
1044 3677 1088 3754 είς
1116 3674 1172 3761 τὴν
1189 3671 1325 3740 Ἠλείαν.

201 3779 291 3843 Ante
314 3779 465 3862 Polyium
490 3779 553 3844 hoc
575 3782 787 3866 compositum
809 3801 874 3844 non
905 3780 1021 3844 inveni.
1050 3818 1093 3827 —
1120 3778 1327 3863 Quamquam

198 3880 332 3944 eandem
354 3881 513 3946 rationem
535 3881 736 3947 intercedere
756 3883 841 3947 inter
863 3880 1031 3968 ἐφεδρεύειν
1046 3887 1078 3946 66
1094 3878 1325 3978 συνεφεδρεὺειν,

195 3987 280 4062 inter
301 3979 448 4068 ὑπάρχειν
472 3989 505 4047 66
528 3983 735 4070 συνυπάρχειν,
764 3985 848 4048 inter
878 3983 943 4047 alia
972 3983 1071 4047 verba
1100 3983 1325 4046 demonstrare

194 4105 335 4166 possum,
358 4093 469 4149 tamen
492 4085 553 4148 hoc
575 4086 784 4168 supersedere
807 4085 886 4148 mihi
908 4085 1015 4148 liceat.
