2960 4516
200 178 249 246 24

198 343 237 404 Γ.
262 341 333 404 111.
357 343 375 402 1
399 339 427 404 οἱ
449 336 482 404 δὲ
499 387 531 403 ..
553 342 611 404 τῶν
625 333 792 424 Ῥωμαίων
815 335 921 416 ἐκτὸς
944 337 1080 422 ἐγένοντο
1102 342 1156 404 τοῦ
1185 337 1326 406 κινδύνου

197 445 262 507 ΔΑ.
286 444 337 506 23.
361 446 379 505 7
402 438 454 506 τὸν
476 443 649 528 Δημήτριον
671 438 760 520 ἐκτὸς
780 439 855 529 ἤδη
877 446 931 509 τοῦ
954 443 1095 527 πορῗμοῐν
1115 445 1171 506 ΙΓ.
1194 443 1223 507 3.
1242 444 1273 507 2.

284 543 350 609 Sed
371 543 560 609 omittamur
581 542 675 608 haec:
699 545 765 609 iam
787 543 830 608 ad
853 565 907 609 eas
923 543 1178 629 praepositiones
1193 565 1326 628 progre-
1355 589 1368 604 .

198 646 313 728 dimur,
338 666 421 730 quae
444 667 517 712 cum
540 645 668 712 duobus
692 645 820 712 casibus
839 645 1014 731 aPolybio
1030 647 1223 712 coniunctae
1238 653 1325 716 sunt.

666 866 752 953 Περί,
776 862 862 954 ὑπέρ.

282 1005 335 1070 Ac
357 1005 498 1089 primum
520 1003 584 1070 huc
612 1002 681 1090 περὶ
708 1004 904 1087 praepositio
934 1003 1104 1071 referenda
1134 1011 1199 1088 ost,
1230 1027 1325 1090 quae,

198 1107 578 1191 quamquam-prioribus
604 1107 804 1192 temporibus
826 1106 869 1172 ad
890 1112 981 1172 tres
1003 1129 1098 1173 casus
1127 1107 1313 1174 annectitur

148 1285 152 1294 ¹
199 1209 240 1273 ab
262 1208 325 1274 hoc
346 1208 503 1291 scriptore
519 1209 561 1274 ad
576 1209 759 1292 genetivum
775 1213 807 1274 ct
821 1210 1042 1275 accusativum
1057 1209 1153 1276 modo
1169 1209 1325 1282 addatur,

200 1311 308 1376 dativo
330 1333 396 1377 non
411 1311 519 1397 item¹)
541 1312 576 1376 id
591 1311 678 1395 quod
694 1333 731 1376 eo
746 1313 849 1394 magis
864 1311 1075 1397 premendum
1091 1332 1159 1377 esse
1174 1311 1326 1395 arbitror,

201 1412 289 1495 quod
310 1412 372 1478 hac
394 1435 524 1496 quoque
547 1435 643 1479 exre
666 1434 860 1497 cognoscere
882 1414 969 1497 licet,
993 1434 1088 1498 quam
1110 1413 1164 1479 hic
1186 1434 1280 1479 casus
1296 1415 1327 1479 ei

197 1519 351 1598 acceptus
374 1536 439 1580 non
461 1517 504 1580 sit
526 1521 558 1580 et
581 1521 780 1600 quantopere
803 1517 871 1581 eius
892 1521 999 1582 totum
1020 1516 1085 1581 iam
1099 1515 1264 1580 saeculum
1284 1515 1328 1582 ad

200 1636 336 1680 casuum
350 1637 518 1682 numerum
529 1617 662 1682 inclinet
672 1618 891 1684 minuendum.
906 1657 949 1666 —
961 1617 1027 1684 Sed
1038 1639 1111 1682 cum
1122 1617 1186 1683 illis
1198 1617 1327 1684 duobus

201 1717 329 1782 casibus
358 1716 425 1802 περὶ
457 1719 632 1784 sexcenties
667 1720 875 1785 coniunctum
907 1721 1079 1800 cernimus3
1117 1741 1155 1784 ac
1186 1721 1328 1804 primum

202 1825 384 1885 accusativo
418 1821 604 1902 appositum
632 1818 699 1904 περὶ
729 1822 858 1904 saepius
885 1843 982 1904 quam
1011 1827 1109 1886 antea
1138 1841 1159 1885 a
1186 1821 1327 1907 Polybio

202 1917 388 1987 adhibetur.
432 1921 549 2006 Neque
571 1923 657 1987 enim
678 1923 774 2004 pauci
795 1923 860 1988 loci
881 1925 1096 2008 reperiuntur,
1120 1921 1238 2007 quibus
1260 1923 1329 2010 περὶ

200 2025 269 2089 vice
290 2025 540 2106 praepositionis
563 2025 593 2090 ἐν
623 2025 770 2108 fugatur;
798 2024 916 2090 deinde
944 2024 1050 2089 nudus
1079 2030 1116 2089 ut
1144 2025 1191 2090 ita
1220 2024 1328 2090 dicam

200 2129 368 2208 genetivus
404 2130 437 2190 et
478 2125 606 2191 dativus
646 2126 736 2191 haud
771 2147 846 2192 raro
884 2127 1123 2211 praepositione
1156 2125 1224 2211 περὶ
1255 2149 1329 2193 cum

115 2297 119 2304 ,
199 2230 384 2294 accusativo
407 2229 728 2294 circumscribuntur.

287 2331 434 2396 Primum
455 2333 556 2414 igitur
579 2329 645 2415 napi
667 2352 740 2395 cum
755 2352 827 2396 acc.
850 2352 909 2414 pro
931 2331 963 2397 ’έν
985 2352 1058 2397 cum
1085 2330 1195 2397 dativo
1222 2337 1330 2398 exstat

200 2436 240 2496 Γ.
263 2435 314 2498 67.
338 2437 357 2498 3
379 2432 454 2518 πρὸς
476 2431 509 2500 τὸ
532 2434 600 2518 περὶ
622 2433 765 2518 Δωδώνην
795 2434 872 2518 ἱερόν
893 2439 932 2500 Ε.
958 2437 1008 2500 10.
1031 2437 1050 2500 3
1080 2440 1121 2522 τῇ
1149 2433 1217 2520 περὶ
1246 2437 1330 2520 Τυρ·

202 2534 307 2618 ρηνίαν
339 2534 428 2622 μάχῃ
451 2559 476 2614 ς.
501 2539 551 2600 11.
575 2539 595 2600 2
623 2541 664 2623 τῇ
695 2527 764 2621 περὶ
786 2536 912 2602 Κάνναν
934 2535 1034 2624 μάχῃ,
1055 2540 1092 2600 Θ.
1115 2538 1167 2602 29.
1190 2539 1210 2600 2
1233 2536 1264 2602 ἐν
1286 2540 1328 2622 τῇ

201 2635 271 2722 περὶ
281 2637 407 2724 Δαμίαν
430 2636 519 2724 μάχῃ
541 2641 576 2702 Α.
601 2641 651 2702 32.
677 2642 693 2702 1
718 2633 914 2726 [ὑπομεῖναι]
948 2637 1025 2723 Περὶ
1047 2635 1081 2703 δὲ
1102 2636 1175 2716 τοὺς
1189 2636 1327 2724 καιρούς.

202 2737 326 2820 Quodsi
341 2741 535 2822 quaerimur,
552 2759 652 2822 quare
673 2739 728 2804 ille
743 2738 785 2804 ad
800 2739 883 2804 hanc
897 2745 1095 2804 structuram
1109 2739 1329 2805 adhibendam

202 2847 382 2906 commotus
405 2841 462 2906 sit:
486 2842 529 2935 ad
551 2842 613 2907 hoc
635 2863 701 2906 non
722 2841 930 2907 mediocriter
951 2841 1052 2907 valuit
1068 2843 1155 2926 quod
1168 2842 1329 2907 vocalium

202 2945 446 3008 concursionem
468 2945 588 3008 evitare
617 2944 752 3009 studuit.
803 2943 1009 3028 Quamquam
1037 2944 1200 3010 interdum
1229 2943 1328 3008 ctiam

201 3043 270 3130 περὶ
299 3045 454 3130 scriptum
483 3065 567 3127 esse,
596 3045 655 3109 ubi
683 3045 714 3110 ἐν
736 3065 763 3110 c.
787 3044 854 3110 dat.
884 3045 1009 3109 nullum
1037 3043 1164 3110 hiatum
1196 3043 1327 3126 efficiat,

201 3166 267 3210 non
289 3151 337 3210 est
359 3167 416 3210 cur
437 3147 590 3211 miremur
605 3146 705 3210 veluti
727 3150 847 3212 1Ε.11.
868 3150 888 3210 8
909 3143 966 3232 cip
989 3146 1020 3211 ἐν
1036 3145 1194 3235 Τυρρηνίᾳ
1208 3145 1328 3232 μάχην;

200 3235 298 3330 paulo
321 3252 396 3331 post
417 3246 474 3334 τὴν
496 3248 565 3334 περὶ
588 3247 714 3324 Κάννας
734 3248 957 3334 γενομένην...

291 3451 311 3519 1)
331 3452 523 3521 Obsorvemus,
543 3453 615 3522 quod
632 3452 790 3506 Euclenius
809 3450 918 3518 decept
936 3467 999 3505 oum
1018 3450 1111 3506 dativo
1128 3451 1161 3505 ab
1179 3451 1328 3506 Aristotele

201 3539 333 3604 usurpato
351 3538 468 3592 iudicat:
492 3537 562 3606 „Mu
583 3539 645 3592 dem
663 3537 747 3590 Dativ
769 3536 854 3590 findet
877 3537 938 3592 sich
964 3535 1023 3604 περ1
1045 3552 1100 3590 uur
1122 3552 1156 3590 an
1184 3535 1327 3605 folgenden

202 3622 269 3674 zwei
287 3622 402 3675 Stellcn:
429 3623 494 3676 hist.
513 3640 555 3678 an.
575 3621 651 3677 5541
669 3619 714 3675 17:
743 3623 815 3692 φέρει
839 3619 870 3676 δὲ
893 3620 975 3690 κηρὸν
999 3619 1046 3691 μὶν
1064 3622 1110 3676 καὶ
1128 3621 1250 3691 epitom
1269 3622 1328 3691 περ1

201 3713 255 3767 τοῖς
274 3707 397 3768 σκέλεσιν.
422 3706 471 3760 555
481 3724 497 3760 a
513 3705 542 3760 4;
566 3705 664 3774 κόπρος
683 3705 713 3760 δὲ
732 3707 812 3777 μόνου
830 3708 888 3777 περὶ
906 3715 960 3770 τοῖς
978 3706 1114 3776 σκώληξιν,
1142 3710 1212 3764 doch
1235 3709 1328 3763 bieten

202 3793 277 3846 dieo
295 3794 507 3862 beidchapitel
524 3795 595 3848 auch
613 3795 926 3872 ausscrdcmmehreres
944 3813 1008 3850 vom
1020 3794 1328 3864 Sprachgebreuchdes

202 3877 363 3932 Aristoteles
382 3879 581 3932 ahweich'endo.
607 3879 641 3932 ln
660 3880 713 3933 den
730 3880 866 3933 unachten
877 3880 1013 3934 Schriften
1030 3882 1116 3934 findet
1125 3881 1185 3934 sich
1196 3879 1328 3947 ningends

201 3962 260 4030 περὶ
277 3963 328 4016 mit
345 3965 407 4017 dem
425 3964 533 4017 Dativ“.
553 3993 585 4002 -·
603 3964 637 4018 In
654 3964 730 4031 11.,1).
750 3964 861 4032 scriptis
880 3965 939 4032 περὶ
957 3983 1021 4020 cum
1039 3966 1131 4020 dativo
1149 3965 1328 4020 coniunctum

202 4048 286 4116 deest,
313 4051 344 4116 ut
361 4048 434 4116 apud
451 4047 606 4116 Polybium.
625 4048 672 4101 cfr.
691 4048 795 4117 Winer‚
822 4049 940 4104 Gramm.
960 4051 1008 4105 des
1025 4051 1187 4104 neutcstam.
1208 4047 1326 4116 Sprach·

205 4131 301 4186 'dioms
319 4149 344 4201 p.
363 4129 422 4199 337,
441 4131 492 4185 ΠΙ.
511 4131 553 4184 ed.
