<?xml version="1.0" encoding="UTF-8"?>
<!DOCTYPE html PUBLIC "-//W3C//DTD XHTML 1.0 Transitional//EN"
    "http://www.w3.org/TR/xhtml1/DTD/xhtml1-transitional.dtd">
<html xmlns="http://www.w3.org/1999/xhtml" xml:lang="en" lang="en">
 <head>
  <title>
</title>
<meta http-equiv="Content-Type" content="text/html;charset=utf-8" />
  <meta name='ocr-system' content='tesseract 3.04.00' />
  <meta name='ocr-capabilities' content='ocr_page ocr_carea ocr_par ocr_line ocrx_word'/>
</head>
<body>
  <div class='ocr_page' id='page_1' title='image "./quaestionespoly00thiegoog_0031.png"; bbox 0 0 2960 4516; ppageno 0'>
   <div class='ocr_carea' id='block_1_1' title="bbox 205 246 253 317">
    <p class='ocr_par' dir='ltr' id='par_1_1' title="bbox 205 246 253 317">
     <span class='ocr_line' id='line_1_1' title="bbox 205 246 253 317; baseline 0 0"><span class='ocrx_word' id='word_1_1' title='bbox 205 246 253 317; x_wconf 83' lang='grc'>26</span> 
     </span>
    </p>
   </div>
   <div class='ocr_carea' id='block_1_2' title="bbox 116 411 1334 2958">
    <p class='ocr_par' dir='ltr' id='par_1_2' title="bbox 116 411 1334 2958">
     <span class='ocr_line' id='line_1_2' title="bbox 202 411 1334 497; baseline 0.004 -23"><span class='ocrx_word' id='word_1_2' title='bbox 202 429 307 493; x_wconf 88' lang='lat' dir='ltr'>paene</span> <span class='ocrx_word' id='word_1_3' title='bbox 330 411 427 476; x_wconf 90' lang='lat' dir='ltr'>toties</span> <span class='ocrx_word' id='word_1_4' title='bbox 450 412 577 494; x_wconf 89' lang='lat' dir='ltr'>quoties</span> <span class='ocrx_word' id='word_1_5' title='bbox 593 411 661 497; x_wconf 79' lang='grc' dir='ltr'>περὶ</span> <span class='ocrx_word' id='word_1_6' title='bbox 677 419 858 496; x_wconf 81' lang='lat' dir='ltr'><strong>usurparet.</strong></span> <span class='ocrx_word' id='word_1_7' title='bbox 891 412 979 478; x_wconf 89' lang='lat' dir='ltr'>Nam</span> <span class='ocrx_word' id='word_1_8' title='bbox 994 417 1031 478; x_wconf 93' lang='lat' dir='ltr'>ut</span> <span class='ocrx_word' id='word_1_9' title='bbox 1043 434 1127 497; x_wconf 90' lang='lat' dir='ltr'>quae</span> <span class='ocrx_word' id='word_1_10' title='bbox 1141 415 1226 479; x_wconf 91' lang='lat' dir='ltr'>ratio</span> <span class='ocrx_word' id='word_1_11' title='bbox 1241 415 1334 479; x_wconf 87' lang='lat' dir='ltr'>inter</span> 
     </span>
     <span class='ocr_line' id='line_1_3' title="bbox 146 511 1333 602; baseline 0.004 -26"><span class='ocrx_word' id='word_1_12' title='bbox 146 597 147 602; x_wconf 8' lang='grc' dir='ltr'>ρ</span> <span class='ocrx_word' id='word_1_13' title='bbox 203 511 263 577; x_wconf 90' lang='lat' dir='ltr'>has</span> <span class='ocrx_word' id='word_1_14' title='bbox 279 511 360 578; x_wconf 89' lang='lat' dir='ltr'>duas</span> <span class='ocrx_word' id='word_1_15' title='bbox 375 514 630 598; x_wconf 78' lang='lat' dir='ltr'>praepositiones</span> <span class='ocrx_word' id='word_1_16' title='bbox 645 515 825 579; x_wconf 77' lang='lat' dir='ltr'>intercedat</span> <span class='ocrx_word' id='word_1_17' title='bbox 839 515 1027 598; x_wconf 88' lang='lat' dir='ltr'>diligentius</span> <span class='ocrx_word' id='word_1_18' title='bbox 1042 515 1190 597; x_wconf 85' lang='lat' dir='ltr'>indicem,</span> <span class='ocrx_word' id='word_1_19' title='bbox 1213 515 1333 581; x_wconf 90' lang='lat' dir='ltr'>eodem</span> 
     </span>
     <span class='ocr_line' id='line_1_4' title="bbox 204 615 1332 702; baseline 0.003 -23"><span class='ocrx_word' id='word_1_20' title='bbox 204 615 322 698; x_wconf 85' lang='lat' dir='ltr'>spatio,</span> <span class='ocrx_word' id='word_1_21' title='bbox 357 636 420 698; x_wconf 93' lang='lat' dir='ltr'>quo</span> <span class='ocrx_word' id='word_1_22' title='bbox 453 617 593 699; x_wconf 80' lang='lat' dir='ltr'>scriptor</span> <span class='ocrx_word' id='word_1_23' title='bbox 626 618 745 681; x_wconf 82' lang='lat' dir='ltr'>centies</span> <span class='ocrx_word' id='word_1_24' title='bbox 774 615 843 702; x_wconf 80' lang='grc' dir='ltr'>περὶ</span> <span class='ocrx_word' id='word_1_25' title='bbox 870 615 1008 700; x_wconf 85' lang='lat' dir='ltr'>profert,</span> <span class='ocrx_word' id='word_1_26' title='bbox 1041 619 1226 702; x_wconf 85' lang='lat' dir='ltr'>septuagies</span> <span class='ocrx_word' id='word_1_27' title='bbox 1258 616 1332 683; x_wconf 87' lang='lat' dir='ltr'>fere</span> 
     </span>
     <span class='ocr_line' id='line_1_5' title="bbox 204 711 1333 805; baseline 0.003 -23"><span class='ocrx_word' id='word_1_28' title='bbox 204 711 278 802; x_wconf 86' lang='grc' dir='ltr'>ύπὲρ</span> <span class='ocrx_word' id='word_1_29' title='bbox 309 716 604 783; x_wconf 78' lang='lat' dir='ltr'>animadvertimus.</span> <span class='ocrx_word' id='word_1_30' title='bbox 655 719 706 784; x_wconf 88' lang='lat' dir='ltr'>Re</span> <span class='ocrx_word' id='word_1_31' title='bbox 735 739 811 783; x_wconf 88' lang='lat' dir='ltr'>vera</span> <span class='ocrx_word' id='word_1_32' title='bbox 839 724 947 783; x_wconf 89' lang='lat' dir='ltr'>antem</span> <span class='ocrx_word' id='word_1_33' title='bbox 976 717 1049 804; x_wconf 81' lang='grc' dir='ltr'>ὑπὲρ</span> <span class='ocrx_word' id='word_1_34' title='bbox 1078 719 1165 785; x_wconf 89' lang='lat' dir='ltr'>idem</span> <span class='ocrx_word' id='word_1_35' title='bbox 1193 741 1231 784; x_wconf 91' lang='lat' dir='ltr'>ac</span> <span class='ocrx_word' id='word_1_36' title='bbox 1257 718 1333 805; x_wconf 83' lang='grc' dir='ltr'>περὶ</span> 
     </span>
     <span class='ocr_line' id='line_1_6' title="bbox 202 817 1330 908; baseline 0.004 -26"><span class='ocrx_word' id='word_1_37' title='bbox 202 817 384 901; x_wconf 85' lang='lat' dir='ltr'>significare</span> <span class='ocrx_word' id='word_1_38' title='bbox 406 820 434 883; x_wconf 87' lang='lat' dir='ltr'>si</span> <span class='ocrx_word' id='word_1_39' title='bbox 455 818 498 883; x_wconf 90' lang='lat' dir='ltr'>ad</span> <span class='ocrx_word' id='word_1_40' title='bbox 520 819 601 884; x_wconf 89' lang='lat' dir='ltr'>tales</span> <span class='ocrx_word' id='word_1_41' title='bbox 623 821 722 902; x_wconf 80' lang='lat' dir='ltr'>locos,</span> <span class='ocrx_word' id='word_1_42' title='bbox 746 821 858 904; x_wconf 88' lang='lat' dir='ltr'>quales</span> <span class='ocrx_word' id='word_1_43' title='bbox 881 827 914 886; x_wconf 91' lang='lat' dir='ltr'>et</span> <span class='ocrx_word' id='word_1_44' title='bbox 936 819 1009 907; x_wconf 84' lang='grc' dir='ltr'>ύπὲρ</span> <span class='ocrx_word' id='word_1_45' title='bbox 1033 827 1066 887; x_wconf 91' lang='lat' dir='ltr'>et</span> <span class='ocrx_word' id='word_1_46' title='bbox 1076 821 1146 908; x_wconf 80' lang='grc' dir='ltr'>περὶ</span> <span class='ocrx_word' id='word_1_47' title='bbox 1161 822 1330 904; x_wconf 84' lang='lat' dir='ltr'>exhibent,</span> 
     </span>
     <span class='ocr_line' id='line_1_7' title="bbox 203 920 1331 1006; baseline 0.001 -20"><span class='ocrx_word' id='word_1_48' title='bbox 203 921 327 986; x_wconf 91' lang='lat' dir='ltr'>animos</span> <span class='ocrx_word' id='word_1_49' title='bbox 349 920 592 1004; x_wconf 83' lang='lat' dir='ltr'>attenderimus,</span> <span class='ocrx_word' id='word_1_50' title='bbox 615 921 770 988; x_wconf 85' lang='lat' dir='ltr'>facillime</span> <span class='ocrx_word' id='word_1_51' title='bbox 791 922 1015 1006; x_wconf 85' lang='lat' dir='ltr'>intellegemus</span> <span class='ocrx_word' id='word_1_52' title='bbox 1039 928 1073 989; x_wconf 78' lang='lat' dir='ltr'>A.</span> <span class='ocrx_word' id='word_1_53' title='bbox 1091 926 1120 987; x_wconf 82' lang='lat'>3.</span> <span class='ocrx_word' id='word_1_54' title='bbox 1139 926 1179 989; x_wconf 91' lang='lat'>10</span> <span class='ocrx_word' id='word_1_55' title='bbox 1194 925 1331 991; x_wconf 70' lang='grc' dir='ltr'>διελὲυεῖν</span> 
     </span>
     <span class='ocr_line' id='line_1_8' title="bbox 203 1017 1331 1111; baseline 0.001 -23"><span class='ocrx_word' id='word_1_56' title='bbox 203 1017 277 1108; x_wconf 81' lang='grc' dir='ltr'>ύπέρ</span> <span class='ocrx_word' id='word_1_57' title='bbox 300 1027 355 1088; x_wconf 82' lang='grc' dir='ltr'>τού</span> <span class='ocrx_word' id='word_1_58' title='bbox 376 1023 496 1109; x_wconf 80' lang='grc' dir='ltr'>πρώτου</span> <span class='ocrx_word' id='word_1_59' title='bbox 518 1025 652 1109; x_wconf 79' lang='grc' dir='ltr'>πολέμου</span> <span class='ocrx_word' id='word_1_60' title='bbox 674 1024 743 1111; x_wconf 82' lang='grc' dir='ltr'>περὶ</span> <span class='ocrx_word' id='word_1_61' title='bbox 765 1025 913 1103; x_wconf 78' lang='grc' dir='ltr'>Σικελίας</span> <span class='ocrx_word' id='word_1_62' title='bbox 935 1029 973 1091; x_wconf 92' lang='grc' dir='ltr'>Γ.</span> <span class='ocrx_word' id='word_1_63' title='bbox 990 1027 1077 1092; x_wconf 84' lang='grc'><strong>23.5</strong></span> <span class='ocrx_word' id='word_1_64' title='bbox 1101 1026 1137 1091; x_wconf 77' lang='grc' dir='ltr'>ἐκ</span> <span class='ocrx_word' id='word_1_65' title='bbox 1159 1024 1193 1091; x_wconf 84' lang='grc' dir='ltr'>δὲ</span> <span class='ocrx_word' id='word_1_66' title='bbox 1213 1023 1331 1091; x_wconf 84' lang='grc' dir='ltr'>τούτων</span> 
     </span>
     <span class='ocr_line' id='line_1_9' title="bbox 203 1125 1331 1216; baseline 0.001 -25"><span class='ocrx_word' id='word_1_67' title='bbox 203 1129 262 1191; x_wconf 85' lang='grc' dir='ltr'>τῶν</span> <span class='ocrx_word' id='word_1_68' title='bbox 283 1129 446 1212; x_wconf 73' lang='grc' dir='ltr'>συνῖυηκῶν</span> <span class='ocrx_word' id='word_1_69' title='bbox 475 1125 544 1213; x_wconf 85' lang='grc' dir='ltr'>περὶ</span> <span class='ocrx_word' id='word_1_70' title='bbox 565 1125 620 1213; x_wconf 81' lang='grc' dir='ltr'>μὲν</span> <span class='ocrx_word' id='word_1_71' title='bbox 643 1126 851 1214; x_wconf 83' lang='grc' dir='ltr'>Σαρδόνος..</span> <span class='ocrx_word' id='word_1_72' title='bbox 875 1129 1071 1216; x_wconf 78' lang='grc' dir='ltr'>ἐμφαίνουσιν</span> <span class='ocrx_word' id='word_1_73' title='bbox 1095 1125 1135 1206; x_wconf 84' lang='grc' dir='ltr'>ὡς</span> <span class='ocrx_word' id='word_1_74' title='bbox 1156 1128 1224 1212; x_wconf 79' lang='grc' dir='ltr'>περὶ</span> <span class='ocrx_word' id='word_1_75' title='bbox 1245 1126 1331 1204; x_wconf 79' lang='grc' dir='ltr'>ἰδίας</span> 
     </span>
     <span class='ocr_line' id='line_1_10' title="bbox 204 1225 1331 1317; baseline 0.003 -24"><span class='ocrx_word' id='word_1_76' title='bbox 204 1226 377 1314; x_wconf 83' lang='grc' dir='ltr'>ποιούμενοι</span> <span class='ocrx_word' id='word_1_77' title='bbox 398 1227 451 1295; x_wconf 82' lang='grc' dir='ltr'>τὸν</span> <span class='ocrx_word' id='word_1_78' title='bbox 473 1228 572 1314; x_wconf 89' lang='grc' dir='ltr'>λύγον,</span> <span class='ocrx_word' id='word_1_79' title='bbox 595 1225 668 1317; x_wconf 86' lang='grc' dir='ltr'>ύπὲρ</span> <span class='ocrx_word' id='word_1_80' title='bbox 692 1229 725 1296; x_wconf 83' lang='grc' dir='ltr'>δὲ</span> <span class='ocrx_word' id='word_1_81' title='bbox 748 1231 894 1309; x_wconf 81' lang='grc' dir='ltr'>Σικελίας</span> <span class='ocrx_word' id='word_1_82' title='bbox 916 1232 1068 1298; x_wconf 89' lang='grc' dir='ltr'>ταναντία</span> <span class='ocrx_word' id='word_1_83' title='bbox 1097 1233 1331 1299; x_wconf 79' lang='grc' dir='ltr'>διαστέλλονται</span> 
     </span>
     <span class='ocr_line' id='line_1_11' title="bbox 204 1315 1330 1422; baseline 0.002 -28"><span class='ocrx_word' id='word_1_84' title='bbox 204 1330 311 1416; x_wconf 71' lang='grc' dir='ltr'>ῥητῶς,</span> <span class='ocrx_word' id='word_1_85' title='bbox 346 1327 421 1418; x_wconf 83' lang='grc' dir='ltr'>ύπὲρ</span> <span class='ocrx_word' id='word_1_86' title='bbox 456 1328 555 1400; x_wconf 81' lang='grc' dir='ltr'>αύτῶν</span> <span class='ocrx_word' id='word_1_87' title='bbox 576 1315 759 1418; x_wconf 78' lang='grc' dir='ltr'>ιποιούμενοι</span> <span class='ocrx_word' id='word_1_88' title='bbox 785 1332 845 1412; x_wconf 81' lang='grc' dir='ltr'>τὰς</span> <span class='ocrx_word' id='word_1_89' title='bbox 877 1334 1039 1422; x_wconf 64' lang='lat' dir='ltr'>ausaque&lt;</span> <span class='ocrx_word' id='word_1_90' title='bbox 1071 1356 1142 1417; x_wconf 91' lang='lat' dir='ltr'>sqq.</span> <span class='ocrx_word' id='word_1_91' title='bbox 1196 1333 1268 1398; x_wconf 91' lang='lat' dir='ltr'>Iam</span> <span class='ocrx_word' id='word_1_92' title='bbox 1297 1334 1330 1396; x_wconf 88' lang='lat' dir='ltr'>si</span> 
     </span>
     <span class='ocr_line' id='line_1_12' title="bbox 204 1433 1330 1522; baseline 0.002 -26"><span class='ocrx_word' id='word_1_93' title='bbox 204 1433 398 1516; x_wconf 70' lang='lat' dir='ltr'>quaerimus</span> <span class='ocrx_word' id='word_1_94' title='bbox 422 1455 479 1498; x_wconf 93' lang='lat' dir='ltr'>cur</span> <span class='ocrx_word' id='word_1_95' title='bbox 500 1436 588 1518; x_wconf 91' lang='lat' dir='ltr'>apud</span> <span class='ocrx_word' id='word_1_96' title='bbox 610 1436 785 1520; x_wconf 88' lang='lat' dir='ltr'>Polybium</span> <span class='ocrx_word' id='word_1_97' title='bbox 813 1437 914 1501; x_wconf 91' lang='lat' dir='ltr'>multo</span> <span class='ocrx_word' id='word_1_98' title='bbox 944 1437 1072 1522; x_wconf 90' lang='lat' dir='ltr'>saepius</span> <span class='ocrx_word' id='word_1_99' title='bbox 1102 1457 1200 1520; x_wconf 92' lang='lat' dir='ltr'>quam</span> <span class='ocrx_word' id='word_1_100' title='bbox 1228 1440 1330 1500; x_wconf 87' lang='lat' dir='ltr'>antea</span> 
     </span>
     <span class='ocr_line' id='line_1_13' title="bbox 202 1530 1329 1624; baseline 0.002 -24"><span class='ocrx_word' id='word_1_101' title='bbox 202 1530 276 1621; x_wconf 81' lang='grc' dir='ltr'>ύπὲρ</span> <span class='ocrx_word' id='word_1_102' title='bbox 310 1537 559 1620; x_wconf 89' lang='lat' dir='ltr'>praepositionis</span> <span class='ocrx_word' id='word_1_103' title='bbox 593 1537 676 1624; x_wconf 81' lang='grc' dir='ltr'>περὶ·</span> <span class='ocrx_word' id='word_1_104' title='bbox 697 1540 861 1604; x_wconf 91' lang='lat' dir='ltr'>notionem</span> <span class='ocrx_word' id='word_1_105' title='bbox 897 1539 1040 1604; x_wconf 87' lang='lat' dir='ltr'>induerit</span> <span class='ocrx_word' id='word_1_106' title='bbox 1061 1539 1144 1604; x_wconf 89' lang='lat' dir='ltr'>nihil</span> <span class='ocrx_word' id='word_1_107' title='bbox 1166 1537 1254 1602; x_wconf 87' lang='lat' dir='ltr'>aliud</span> <span class='ocrx_word' id='word_1_108' title='bbox 1276 1539 1329 1602; x_wconf 90' lang='lat' dir='ltr'>in·</span> 
     </span>
     <span class='ocr_line' id='line_1_14' title="bbox 202 1631 1328 1726; baseline 0.001 -24"><span class='ocrx_word' id='word_1_109' title='bbox 202 1631 304 1703; x_wconf 88' lang='lat' dir='ltr'>dicari</span> <span class='ocrx_word' id='word_1_110' title='bbox 326 1661 421 1722; x_wconf 90' lang='lat' dir='ltr'>posse</span> <span class='ocrx_word' id='word_1_111' title='bbox 444 1642 589 1707; x_wconf 87' lang='lat' dir='ltr'>existimo</span> <span class='ocrx_word' id='word_1_112' title='bbox 612 1642 675 1705; x_wconf 89' lang='lat' dir='ltr'>nisi</span> <span class='ocrx_word' id='word_1_113' title='bbox 697 1648 843 1726; x_wconf 91' lang='lat' dir='ltr'>tempore</span> <span class='ocrx_word' id='word_1_114' title='bbox 864 1642 1059 1726; x_wconf 88' lang='lat' dir='ltr'>procedente</span> <span class='ocrx_word' id='word_1_115' title='bbox 1082 1641 1219 1706; x_wconf 86' lang='lat' dir='ltr'>duarum</span> <span class='ocrx_word' id='word_1_116' title='bbox 1232 1659 1328 1724; x_wconf 89' lang='lat' dir='ltr'>prae-</span> 
     </span>
     <span class='ocr_line' id='line_1_15' title="bbox 201 1741 1329 1829; baseline 0.001 -24"><span class='ocrx_word' id='word_1_117' title='bbox 201 1742 397 1823; x_wconf 91' lang='lat' dir='ltr'>positionum</span> <span class='ocrx_word' id='word_1_118' title='bbox 424 1744 597 1808; x_wconf 89' lang='lat' dir='ltr'>discrimen</span> <span class='ocrx_word' id='word_1_119' title='bbox 621 1746 724 1827; x_wconf 87' lang='lat' dir='ltr'>magis</span> <span class='ocrx_word' id='word_1_120' title='bbox 752 1747 920 1829; x_wconf 84' lang='lat' dir='ltr'>magisque</span> <span class='ocrx_word' id='word_1_121' title='bbox 949 1765 1020 1809; x_wconf 90' lang='lat' dir='ltr'>esse</span> <span class='ocrx_word' id='word_1_122' title='bbox 1048 1745 1198 1808; x_wconf 91' lang='lat' dir='ltr'>deletum.</span> <span class='ocrx_word' id='word_1_123' title='bbox 1249 1741 1329 1806; x_wconf 92' lang='lat' dir='ltr'>Hoc</span> 
     </span>
     <span class='ocr_line' id='line_1_16' title="bbox 202 1839 1328 1936; baseline 0.001 -29"><span class='ocrx_word' id='word_1_124' title='bbox 202 1849 311 1909; x_wconf 89' lang='lat' dir='ltr'>autem</span> <span class='ocrx_word' id='word_1_125' title='bbox 333 1847 469 1926; x_wconf 84' lang='lat' dir='ltr'>constat,</span> <span class='ocrx_word' id='word_1_126' title='bbox 493 1845 665 1929; x_wconf 90' lang='lat' dir='ltr'>Polybium</span> <span class='ocrx_word' id='word_1_127' title='bbox 687 1846 754 1932; x_wconf 82' lang='grc' dir='ltr'>περὶ</span> <span class='ocrx_word' id='word_1_128' title='bbox 783 1868 822 1911; x_wconf 89' lang='lat' dir='ltr'>ex</span> <span class='ocrx_word' id='word_1_129' title='bbox 850 1846 1018 1912; x_wconf 92' lang='lat' dir='ltr'>libidine</span> <span class='ocrx_word' id='word_1_130' title='bbox 1042 1846 1221 1936; x_wconf 86' lang='lat' dir='ltr'>scripsisse,</span> <span class='ocrx_word' id='word_1_131' title='bbox 1249 1839 1328 1928; x_wconf 85' lang='grc' dir='ltr'>ύπὲρ</span> 
     </span>
     <span class='ocr_line' id='line_1_17' title="bbox 202 1945 1329 2034; baseline 0.001 -25"><span class='ocrx_word' id='word_1_132' title='bbox 202 1947 330 2011; x_wconf 91' lang='lat' dir='ltr'>nonnisi</span> <span class='ocrx_word' id='word_1_133' title='bbox 352 1953 428 2032; x_wconf 91' lang='lat' dir='ltr'>post</span> <span class='ocrx_word' id='word_1_134' title='bbox 450 1949 746 2034; x_wconf 86' lang='lat' dir='ltr'>consonantes.¹)</span> <span class='ocrx_word' id='word_1_135' title='bbox 783 1950 863 2014; x_wconf 89' lang='lat' dir='ltr'>Ideo</span> <span class='ocrx_word' id='word_1_136' title='bbox 887 1950 1024 2033; x_wconf 87' lang='lat' dir='ltr'>legimns</span> <span class='ocrx_word' id='word_1_137' title='bbox 1042 1956 1076 2014; x_wconf 89' lang='lat' dir='ltr'>B.</span> <span class='ocrx_word' id='word_1_138' title='bbox 1093 1951 1179 2015; x_wconf 89' lang='grc'><strong>59.8</strong></span> <span class='ocrx_word' id='word_1_139' title='bbox 1202 1945 1329 2031; x_wconf 86' lang='grc' dir='ltr'>ύπομεί-</span> 
     </span>
     <span class='ocr_line' id='line_1_18' title="bbox 201 2045 1328 2138; baseline -0.002 -25"><span class='ocrx_word' id='word_1_140' title='bbox 201 2070 311 2126; x_wconf 86' lang='grc' dir='ltr'>ναντος</span> <span class='ocrx_word' id='word_1_141' title='bbox 340 2045 414 2136; x_wconf 84' lang='grc' dir='ltr'>ύπὲρ</span> <span class='ocrx_word' id='word_1_142' title='bbox 442 2056 502 2137; x_wconf 83' lang='grc' dir='ltr'>τῆς</span> <span class='ocrx_word' id='word_1_143' title='bbox 531 2052 726 2138; x_wconf 61' lang='grc' dir='ltr'>ίλευλερίας,</span> <span class='ocrx_word' id='word_1_144' title='bbox 756 2052 813 2116; x_wconf 91' lang='lat' dir='ltr'>sed</span> <span class='ocrx_word' id='word_1_145' title='bbox 843 2059 880 2117; x_wconf 85' lang='lat' dir='ltr'>A.</span> <span class='ocrx_word' id='word_1_146' title='bbox 904 2055 954 2117; x_wconf 87' lang='grc'>68.</span> <span class='ocrx_word' id='word_1_147' title='bbox 985 2055 1024 2116; x_wconf 82' lang='grc'>13</span> <span class='ocrx_word' id='word_1_148' title='bbox 1054 2073 1094 2116; x_wconf 90' lang='lat' dir='ltr'>ue</span> <span class='ocrx_word' id='word_1_149' title='bbox 1123 2051 1192 2114; x_wconf 92' lang='lat' dir='ltr'>hiet</span> <span class='ocrx_word' id='word_1_150' title='bbox 1219 2049 1328 2112; x_wconf 90' lang='lat' dir='ltr'>oratio</span> 
     </span>
     <span class='ocr_line' id='line_1_19' title="bbox 201 2147 1327 2241; baseline -0.003 -25"><span class='ocrx_word' id='word_1_151' title='bbox 201 2149 300 2239; x_wconf 87' lang='grc' dir='ltr'>τούτῳ</span> <span class='ocrx_word' id='word_1_152' title='bbox 336 2152 405 2239; x_wconf 83' lang='grc' dir='ltr'>περὶ</span> <span class='ocrx_word' id='word_1_153' title='bbox 437 2159 496 2220; x_wconf 84' lang='grc' dir='ltr'>τῶν</span> <span class='ocrx_word' id='word_1_154' title='bbox 530 2149 820 2241; x_wconf 78' lang='grc' dir='ltr'>ἀμφισβητουμένων</span> <span class='ocrx_word' id='word_1_155' title='bbox 857 2176 881 2232; x_wconf 91' lang='grc' dir='ltr'>ς.</span> <span class='ocrx_word' id='word_1_156' title='bbox 911 2159 962 2219; x_wconf 88' lang='grc'>54.</span> <span class='ocrx_word' id='word_1_157' title='bbox 993 2159 1008 2218; x_wconf 99' lang='grc'><strong>1</strong></span> <span class='ocrx_word' id='word_1_158' title='bbox 1039 2154 1131 2238; x_wconf 80' lang='grc' dir='ltr'>λέγων</span> <span class='ocrx_word' id='word_1_159' title='bbox 1161 2147 1236 2235; x_wconf 76' lang='grc' dir='ltr'>ὑπὲρ</span> <span class='ocrx_word' id='word_1_160' title='bbox 1270 2153 1327 2214; x_wconf 81' lang='grc' dir='ltr'>τοῦ</span> 
     </span>
     <span class='ocr_line' id='line_1_20' title="bbox 201 2252 1329 2344; baseline -0.005 -20"><span class='ocrx_word' id='word_1_161' title='bbox 201 2252 385 2325; x_wconf 57' lang='grc' dir='ltr'>λάπτεσὲιαι</span> <span class='ocrx_word' id='word_1_162' title='bbox 407 2277 517 2322; x_wconf 87' lang='lat' dir='ltr'>verum</span> <span class='ocrx_word' id='word_1_163' title='bbox 539 2260 574 2322; x_wconf 92' lang='lat' dir='ltr'>B.</span> <span class='ocrx_word' id='word_1_164' title='bbox 598 2259 648 2323; x_wconf 88' lang='grc'>50.</span> <span class='ocrx_word' id='word_1_165' title='bbox 673 2261 691 2322; x_wconf 87' lang='lat'>8</span> <span class='ocrx_word' id='word_1_166' title='bbox 714 2255 907 2338; x_wconf 81' lang='grc' dir='ltr'>βουλεύσοιτο</span> <span class='ocrx_word' id='word_1_167' title='bbox 937 2254 1085 2344; x_wconf 80' lang='grc' dir='ltr'>περὶτῆς</span> <span class='ocrx_word' id='word_1_168' title='bbox 1107 2254 1261 2329; x_wconf 83' lang='grc' dir='ltr'>πολιτείας</span> <span class='ocrx_word' id='word_1_169' title='bbox 1284 2289 1329 2298; x_wconf 84' lang='lat'><em>-</em></span> 
     </span>
     <span class='ocr_line' id='line_1_21' title="bbox 199 2347 1329 2446; baseline -0.004 -24"><span class='ocrx_word' id='word_1_170' title='bbox 199 2361 223 2422; x_wconf 95' lang='grc' dir='ltr'>Ι.</span> <span class='ocrx_word' id='word_1_171' title='bbox 249 2361 298 2422; x_wconf 92' lang='grc'>11.</span> <span class='ocrx_word' id='word_1_172' title='bbox 321 2361 341 2422; x_wconf 89' lang='grc'>5</span> <span class='ocrx_word' id='word_1_173' title='bbox 365 2353 467 2444; x_wconf 86' lang='grc' dir='ltr'>αύτύν,</span> <span class='ocrx_word' id='word_1_174' title='bbox 491 2354 566 2443; x_wconf 82' lang='grc' dir='ltr'>ύπὲρ</span> <span class='ocrx_word' id='word_1_175' title='bbox 590 2347 628 2423; x_wconf 82' lang='grc' dir='ltr'>ὧν</span> <span class='ocrx_word' id='word_1_176' title='bbox 650 2359 851 2446; x_wconf 71' lang='grc' dir='ltr'>πεποιήμεὲεα</span> <span class='ocrx_word' id='word_1_177' title='bbox 873 2358 961 2444; x_wconf 83' lang='grc' dir='ltr'>λύγον</span> <span class='ocrx_word' id='word_1_178' title='bbox 989 2358 1045 2423; x_wconf 92' lang='lat' dir='ltr'>sed</span> <span class='ocrx_word' id='word_1_179' title='bbox 1066 2361 1090 2424; x_wconf 93' lang='grc' dir='ltr'>Ι.</span> <span class='ocrx_word' id='word_1_180' title='bbox 1114 2360 1165 2420; x_wconf 83' lang='grc'>27.</span> <span class='ocrx_word' id='word_1_181' title='bbox 1189 2360 1207 2419; x_wconf 83' lang='lat'><strong>7</strong></span> <span class='ocrx_word' id='word_1_182' title='bbox 1237 2353 1329 2434; x_wconf 87' lang='grc' dir='ltr'>βασί-</span> 
     </span>
     <span class='ocr_line' id='line_1_22' title="bbox 199 2450 1328 2547; baseline -0.005 -21"><span class='ocrx_word' id='word_1_183' title='bbox 199 2464 277 2543; x_wconf 85' lang='grc' dir='ltr'>λεια,</span> <span class='ocrx_word' id='word_1_184' title='bbox 299 2459 367 2546; x_wconf 83' lang='grc' dir='ltr'>περὶ</span> <span class='ocrx_word' id='word_1_185' title='bbox 389 2450 427 2526; x_wconf 86' lang='grc' dir='ltr'>ὧν</span> <span class='ocrx_word' id='word_1_186' title='bbox 450 2460 561 2527; x_wconf 75' lang='grc' dir='ltr'>καὶτὸ</span> <span class='ocrx_word' id='word_1_187' title='bbox 582 2462 678 2546; x_wconf 83' lang='grc' dir='ltr'>λέγειν</span> <span class='ocrx_word' id='word_1_188' title='bbox 701 2480 772 2546; x_wconf 89' lang='lat' dir='ltr'>sqq.</span> <span class='ocrx_word' id='word_1_189' title='bbox 795 2466 819 2527; x_wconf 89' lang='lat' dir='ltr'>l.</span> <span class='ocrx_word' id='word_1_190' title='bbox 843 2465 893 2528; x_wconf 89' lang='grc'>16.</span> <span class='ocrx_word' id='word_1_191' title='bbox 911 2467 929 2526; x_wconf 83' lang='grc'>7</span> <span class='ocrx_word' id='word_1_192' title='bbox 944 2461 1100 2547; x_wconf 86' lang='grc' dir='ltr'>πολεμίαν,</span> <span class='ocrx_word' id='word_1_193' title='bbox 1124 2455 1198 2544; x_wconf 82' lang='grc' dir='ltr'>ύπὲρ</span> <span class='ocrx_word' id='word_1_194' title='bbox 1214 2454 1328 2522; x_wconf 89' lang='grc' dir='ltr'>τούτου</span> 
     </span>
     <span class='ocr_line' id='line_1_23' title="bbox 200 2557 1327 2654; baseline -0.006 -26"><span class='ocrx_word' id='word_1_195' title='bbox 200 2561 234 2628; x_wconf 81' lang='grc' dir='ltr'>δὲ</span> <span class='ocrx_word' id='word_1_196' title='bbox 255 2571 365 2628; x_wconf 87' lang='lat' dir='ltr'>verum</span> <span class='ocrx_word' id='word_1_197' title='bbox 387 2567 451 2628; x_wconf 81' lang='grc' dir='ltr'>ΛΑ.</span> <span class='ocrx_word' id='word_1_198' title='bbox 477 2566 526 2628; x_wconf 92' lang='grc'>19.</span> <span class='ocrx_word' id='word_1_199' title='bbox 549 2569 569 2629; x_wconf 91' lang='grc'>4</span> <span class='ocrx_word' id='word_1_200' title='bbox 593 2563 752 2654; x_wconf 78' lang='grc' dir='ltr'>συγκλήτῳ</span> <span class='ocrx_word' id='word_1_201' title='bbox 774 2565 843 2651; x_wconf 78' lang='grc' dir='ltr'>περὶ</span> <span class='ocrx_word' id='word_1_202' title='bbox 869 2564 929 2631; x_wconf 88' lang='grc' dir='ltr'>τῶν</span> <span class='ocrx_word' id='word_1_203' title='bbox 957 2566 1034 2633; x_wconf 68' lang='grc' dir='ltr'>καῖε’</span> <span class='ocrx_word' id='word_1_204' title='bbox 1058 2557 1151 2628; x_wconf 85' lang='grc' dir='ltr'>αύτύν</span> <span class='ocrx_word' id='word_1_205' title='bbox 1180 2565 1243 2625; x_wconf 81' lang='grc' dir='ltr'>ΛΑ.</span> <span class='ocrx_word' id='word_1_206' title='bbox 1274 2559 1327 2622; x_wconf 92' lang='grc'>19.</span> 
     </span>
     <span class='ocr_line' id='line_1_24' title="bbox 200 2663 1327 2748; baseline -0.006 -17"><span class='ocrx_word' id='word_1_207' title='bbox 200 2670 232 2746; x_wconf 86' lang='lat' dir='ltr'>s;</span> <span class='ocrx_word' id='word_1_208' title='bbox 259 2670 322 2734; x_wconf 80' lang='lat' dir='ltr'>nr.</span> <span class='ocrx_word' id='word_1_209' title='bbox 349 2669 397 2732; x_wconf 83' lang='lat'>16.</span> <span class='ocrx_word' id='word_1_210' title='bbox 424 2669 456 2746; x_wconf 76' lang='lat'>13</span> <span class='ocrx_word' id='word_1_211' title='bbox 480 2669 545 2733; x_wconf 81' lang='lat' dir='ltr'>ne.</span> <span class='ocrx_word' id='word_1_212' title='bbox 571 2670 600 2732; x_wconf 87' lang='lat' dir='ltr'>o.</span> <span class='ocrx_word' id='word_1_213' title='bbox 625 2671 658 2748; x_wconf 71' lang='lat'>13</span> <span class='ocrx_word' id='word_1_214' title='bbox 688 2668 746 2732; x_wconf 72' lang='lat' dir='ltr'>seu</span> <span class='ocrx_word' id='word_1_215' title='bbox 775 2673 840 2732; x_wconf 75' lang='grc' dir='ltr'>ιιι.</span> <span class='ocrx_word' id='word_1_216' title='bbox 865 2671 914 2732; x_wconf 85' lang='lat'>19.</span> <span class='ocrx_word' id='word_1_217' title='bbox 938 2671 971 2747; x_wconf 78' lang='lat'>33</span> <span class='ocrx_word' id='word_1_218' title='bbox 1002 2670 1066 2730; x_wconf 78' lang='lat' dir='ltr'>nr.</span> <span class='ocrx_word' id='word_1_219' title='bbox 1092 2668 1141 2728; x_wconf 78' lang='grc' dir='ltr'>ιε.</span> <span class='ocrx_word' id='word_1_220' title='bbox 1165 2667 1199 2744; x_wconf 81' lang='grc'>3;</span> <span class='ocrx_word' id='word_1_221' title='bbox 1229 2663 1270 2743; x_wconf 75' lang='grc' dir='ltr'>ιι.</span> <span class='ocrx_word' id='word_1_222' title='bbox 1293 2663 1327 2724; x_wconf 85' lang='grc'>6.</span> 
     </span>
     <span class='ocr_line' id='line_1_25' title="bbox 116 2760 1327 2854; baseline -0.001 -25"><span class='ocrx_word' id='word_1_223' title='bbox 116 2823 118 2828; x_wconf 95' lang='grc'><strong>.</strong></span> <span class='ocrx_word' id='word_1_224' title='bbox 202 2771 219 2831; x_wconf 90' lang='grc'><strong>1</strong></span> <span class='ocrx_word' id='word_1_225' title='bbox 242 2788 313 2852; x_wconf 90' lang='lat' dir='ltr'>sqq.</span> <span class='ocrx_word' id='word_1_226' title='bbox 357 2768 577 2834; x_wconf 86' lang='lat' dir='ltr'>Luculentum</span> <span class='ocrx_word' id='word_1_227' title='bbox 599 2770 782 2854; x_wconf 88' lang='lat' dir='ltr'>exemplum</span> <span class='ocrx_word' id='word_1_228' title='bbox 804 2769 939 2852; x_wconf 88' lang='lat' dir='ltr'>praebet</span> <span class='ocrx_word' id='word_1_229' title='bbox 960 2776 993 2834; x_wconf 89' lang='grc' dir='ltr'>Δ.</span> <span class='ocrx_word' id='word_1_230' title='bbox 1016 2771 1068 2832; x_wconf 78' lang='lat'>21.</span> <span class='ocrx_word' id='word_1_231' title='bbox 1094 2770 1176 2831; x_wconf 80' lang='lat'>1-‘2</span> <span class='ocrx_word' id='word_1_232' title='bbox 1192 2760 1327 2847; x_wconf 61' lang='lat' dir='ltr'>ol&#39;Abq·</span> 
     </span>
     <span class='ocr_line' id='line_1_26' title="bbox 199 2864 1327 2958; baseline -0.004 -24"><span class='ocrx_word' id='word_1_233' title='bbox 199 2877 278 2935; x_wconf 87' lang='grc' dir='ltr'>ναῖοι</span> <span class='ocrx_word' id='word_1_234' title='bbox 300 2870 514 2955; x_wconf 80' lang='grc' dir='ltr'>πρεσβεύοντες</span> <span class='ocrx_word' id='word_1_235' title='bbox 535 2877 666 2958; x_wconf 84' lang='grc' dir='ltr'>πρῶτον</span> <span class='ocrx_word' id='word_1_236' title='bbox 694 2868 787 2956; x_wconf 86' lang='grc' dir='ltr'>ύπὲρ</span> <span class='ocrx_word' id='word_1_237' title='bbox 809 2876 868 2958; x_wconf 75' lang='grc' dir='ltr'>της</span> <span class='ocrx_word' id='word_1_238' title='bbox 891 2870 1055 2956; x_wconf 84' lang='grc' dir='ltr'>σωτηρίας,</span> <span class='ocrx_word' id='word_1_239' title='bbox 1076 2864 1327 2952; x_wconf 87' lang='grc' dir='ltr'>παρακουύμενοι</span> 
     </span>
    </p>
   </div>
   <div class='ocr_carea' id='block_1_3' title="bbox 83 2965 1325 3060">
    <p class='ocr_par' dir='ltr' id='par_1_3' title="bbox 83 2965 1325 3060">
     <span class='ocr_line' id='line_1_27' title="bbox 83 2965 1325 3060; baseline -0.007 -22"><span class='ocrx_word' id='word_1_240' title='bbox 83 3045 86 3056; x_wconf 57' lang='grc'>,</span> <span class='ocrx_word' id='word_1_241' title='bbox 199 2969 237 3036; x_wconf 84' lang='grc' dir='ltr'>δὲ</span> <span class='ocrx_word' id='word_1_242' title='bbox 259 2971 338 3057; x_wconf 79' lang='grc' dir='ltr'>περὶ</span> <span class='ocrx_word' id='word_1_243' title='bbox 358 2972 467 3040; x_wconf 91' lang='grc' dir='ltr'>τούτου</span> <span class='ocrx_word' id='word_1_244' title='bbox 482 2980 537 3041; x_wconf 85' lang='grc' dir='ltr'>τού</span> <span class='ocrx_word' id='word_1_245' title='bbox 549 2975 650 3060; x_wconf 87' lang='grc' dir='ltr'>μέρος,</span> <span class='ocrx_word' id='word_1_246' title='bbox 673 2975 709 3039; x_wconf 83' lang='grc' dir='ltr'>ἐκ</span> <span class='ocrx_word' id='word_1_247' title='bbox 721 2974 919 3058; x_wconf 58' lang='grc' dir='ltr'>μεταλέοευς</span> <span class='ocrx_word' id='word_1_248' title='bbox 941 2972 1112 3057; x_wconf 85' lang='grc' dir='ltr'>διελέγοντο</span> <span class='ocrx_word' id='word_1_249' title='bbox 1127 2968 1210 3054; x_wconf 85' lang='grc' dir='ltr'>περὶ</span> <span class='ocrx_word' id='word_1_250' title='bbox 1225 2965 1325 3052; x_wconf 77' lang='grc' dir='ltr'>Δηλου</span> 
     </span>
    </p>
   </div>
   <div class='ocr_carea' id='block_1_4' title="bbox 197 3065 1326 3878">
    <p class='ocr_par' dir='ltr' id='par_1_4' title="bbox 199 3065 1326 3265">
     <span class='ocr_line' id='line_1_28' title="bbox 199 3065 1326 3160; baseline -0.006 -23"><span class='ocrx_word' id='word_1_251' title='bbox 199 3072 257 3138; x_wconf 88' lang='lat' dir='ltr'>cfr.</span> <span class='ocrx_word' id='word_1_252' title='bbox 279 3078 318 3139; x_wconf 89' lang='lat' dir='ltr'>E.</span> <span class='ocrx_word' id='word_1_253' title='bbox 342 3079 393 3141; x_wconf 89' lang='grc'>56.</span> <span class='ocrx_word' id='word_1_254' title='bbox 419 3081 450 3157; x_wconf 89' lang='grc'>1;</span> <span class='ocrx_word' id='word_1_255' title='bbox 474 3084 509 3142; x_wconf 85' lang='grc' dir='ltr'>Α.</span> <span class='ocrx_word' id='word_1_256' title='bbox 533 3079 584 3141; x_wconf 89' lang='grc'>65.</span> <span class='ocrx_word' id='word_1_257' title='bbox 608 3081 642 3156; x_wconf 89' lang='grc'>4;</span> <span class='ocrx_word' id='word_1_258' title='bbox 666 3079 732 3140; x_wconf 82' lang='grc' dir='ltr'>ΚΔ.</span> <span class='ocrx_word' id='word_1_259' title='bbox 758 3079 843 3141; x_wconf 92' lang='grc'><strong>11.5</strong></span> <span class='ocrx_word' id='word_1_260' title='bbox 866 3071 901 3140; x_wconf 91' lang='grc' dir='ltr'>ού</span> <span class='ocrx_word' id='word_1_261' title='bbox 922 3073 1024 3160; x_wconf 87' lang='grc' dir='ltr'>μύυον</span> <span class='ocrx_word' id='word_1_262' title='bbox 1046 3069 1140 3157; x_wconf 75' lang='grc' dir='ltr'>ὑπὲρ</span> <span class='ocrx_word' id='word_1_263' title='bbox 1162 3074 1222 3155; x_wconf 78' lang='grc' dir='ltr'>τῆς</span> <span class='ocrx_word' id='word_1_264' title='bbox 1242 3065 1326 3144; x_wconf 80' lang='grc' dir='ltr'>ἰδίας</span> 
     </span>
     <span class='ocr_line' id='line_1_29' title="bbox 199 3174 1030 3265; baseline 0 -25"><span class='ocrx_word' id='word_1_265' title='bbox 199 3178 446 3261; x_wconf 80' lang='grc' dir='ltr'>προαιρέσεως..</span> <span class='ocrx_word' id='word_1_266' title='bbox 472 3174 553 3245; x_wconf 84' lang='grc' dir='ltr'>ἀλλὰ</span> <span class='ocrx_word' id='word_1_267' title='bbox 576 3178 646 3244; x_wconf 86' lang='grc' dir='ltr'>καὶ</span> <span class='ocrx_word' id='word_1_268' title='bbox 667 3179 755 3264; x_wconf 85' lang='grc' dir='ltr'>περὶ</span> <span class='ocrx_word' id='word_1_269' title='bbox 776 3184 834 3265; x_wconf 78' lang='grc' dir='ltr'>τῆς</span> <span class='ocrx_word' id='word_1_270' title='bbox 855 3182 960 3264; x_wconf 80' lang='grc' dir='ltr'>κοινῆς</span> <span class='ocrx_word' id='word_1_271' title='bbox 983 3198 1030 3259; x_wconf 91' lang='lat' dir='ltr'>sq.</span> 
     </span>
    </p>

    <p class='ocr_par' dir='ltr' id='par_1_5' title="bbox 197 3275 1326 3878">
     <span class='ocr_line' id='line_1_30' title="bbox 284 3275 1326 3365; baseline -0.011 -21"><span class='ocrx_word' id='word_1_272' title='bbox 284 3277 350 3344; x_wconf 84' lang='lat' dir='ltr'>Sed</span> <span class='ocrx_word' id='word_1_273' title='bbox 373 3301 568 3364; x_wconf 87' lang='lat' dir='ltr'>quamquam</span> <span class='ocrx_word' id='word_1_274' title='bbox 591 3277 663 3365; x_wconf 87' lang='grc' dir='ltr'>ύπὲρ</span> <span class='ocrx_word' id='word_1_275' title='bbox 685 3285 759 3364; x_wconf 87' lang='lat' dir='ltr'>post</span> <span class='ocrx_word' id='word_1_276' title='bbox 792 3283 1004 3346; x_wconf 88' lang='lat' dir='ltr'>consonantes</span> <span class='ocrx_word' id='word_1_277' title='bbox 1037 3282 1165 3342; x_wconf 90' lang='lat' dir='ltr'>tantum</span> <span class='ocrx_word' id='word_1_278' title='bbox 1197 3275 1326 3338; x_wconf 87' lang='lat' dir='ltr'>exstare</span> 
     </span>
     <span class='ocr_line' id='line_1_31' title="bbox 198 3378 1325 3466; baseline -0.006 -21"><span class='ocrx_word' id='word_1_279' title='bbox 198 3380 361 3461; x_wconf 90' lang='lat' dir='ltr'>contendi,</span> <span class='ocrx_word' id='word_1_280' title='bbox 385 3382 448 3446; x_wconf 89' lang='lat' dir='ltr'>loci</span> <span class='ocrx_word' id='word_1_281' title='bbox 469 3388 579 3448; x_wconf 89' lang='lat' dir='ltr'>tamen</span> <span class='ocrx_word' id='word_1_282' title='bbox 600 3383 697 3466; x_wconf 91' lang='lat' dir='ltr'>pauci</span> <span class='ocrx_word' id='word_1_283' title='bbox 718 3383 933 3466; x_wconf 86' lang='lat' dir='ltr'>reperiuntur,</span> <span class='ocrx_word' id='word_1_284' title='bbox 957 3379 1075 3464; x_wconf 90' lang='lat' dir='ltr'>quibus</span> <span class='ocrx_word' id='word_1_285' title='bbox 1101 3378 1160 3442; x_wconf 91' lang='lat' dir='ltr'>illa</span> <span class='ocrx_word' id='word_1_286' title='bbox 1188 3393 1325 3460; x_wconf 89' lang='lat' dir='ltr'>praepo-</span> 
     </span>
     <span class='ocr_line' id='line_1_32' title="bbox 199 3465 1323 3567; baseline -0.006 -19"><span class='ocrx_word' id='word_1_287' title='bbox 199 3483 273 3549; x_wconf 91' lang='lat' dir='ltr'>sitio</span> <span class='ocrx_word' id='word_1_288' title='bbox 303 3483 431 3548; x_wconf 87' lang='lat' dir='ltr'>hiatum</span> <span class='ocrx_word' id='word_1_289' title='bbox 456 3483 633 3549; x_wconf 89' lang='lat' dir='ltr'>admiserit.</span> <span class='ocrx_word' id='word_1_290' title='bbox 681 3490 714 3548; x_wconf 93' lang='grc' dir='ltr'>Δ.</span> <span class='ocrx_word' id='word_1_291' title='bbox 742 3487 794 3548; x_wconf 90' lang='lat'>81.</span> <span class='ocrx_word' id='word_1_292' title='bbox 823 3487 843 3548; x_wconf 91' lang='grc'><strong>5</strong></span> <span class='ocrx_word' id='word_1_293' title='bbox 869 3483 1007 3567; x_wconf 87' lang='lat' dir='ltr'>legimus</span> <span class='ocrx_word' id='word_1_294' title='bbox 1036 3479 1092 3546; x_wconf 88' lang='grc' dir='ltr'>καὶ</span> <span class='ocrx_word' id='word_1_295' title='bbox 1119 3477 1178 3564; x_wconf 83' lang='grc' dir='ltr'>γὰρ</span> <span class='ocrx_word' id='word_1_296' title='bbox 1208 3473 1259 3564; x_wconf 72' lang='grc' dir='ltr'>ὑφ’</span> <span class='ocrx_word' id='word_1_297' title='bbox 1288 3465 1323 3541; x_wconf 76' lang='grc' dir='ltr'>ού</span> 
     </span>
     <span class='ocr_line' id='line_1_33' title="bbox 198 3573 1324 3669; baseline -0.004 -19"><span class='ocrx_word' id='word_1_298' title='bbox 198 3585 263 3651; x_wconf 87' lang='grc' dir='ltr'>καὶ</span> <span class='ocrx_word' id='word_1_299' title='bbox 293 3581 378 3668; x_wconf 76' lang='grc' dir='ltr'>ὑπὲρ</span> <span class='ocrx_word' id='word_1_300' title='bbox 405 3573 439 3650; x_wconf 78' lang='grc' dir='ltr'>ού</span> <span class='ocrx_word' id='word_1_301' title='bbox 465 3588 555 3652; x_wconf 78' lang='grc' dir='ltr'>ταῦτ’</span> <span class='ocrx_word' id='word_1_302' title='bbox 583 3588 702 3654; x_wconf 63' lang='lat' dir='ltr'>&amp;nuber</span> <span class='ocrx_word' id='word_1_303' title='bbox 728 3591 768 3652; x_wconf 91' lang='lat' dir='ltr'>E.</span> <span class='ocrx_word' id='word_1_304' title='bbox 793 3585 850 3651; x_wconf 72' lang='lat'>21.</span> <span class='ocrx_word' id='word_1_305' title='bbox 875 3587 915 3651; x_wconf 91' lang='grc'>10</span> <span class='ocrx_word' id='word_1_306' title='bbox 946 3585 1011 3651; x_wconf 84' lang='grc' dir='ltr'>ἔστι</span> <span class='ocrx_word' id='word_1_307' title='bbox 1038 3584 1065 3649; x_wconf 89' lang='grc' dir='ltr'>δ’</span> <span class='ocrx_word' id='word_1_308' title='bbox 1092 3579 1195 3669; x_wconf 80' lang='grc' dir='ltr'>ἡτῶν</span> <span class='ocrx_word' id='word_1_309' title='bbox 1224 3577 1324 3648; x_wconf 81' lang='grc' dir='ltr'>τύπων</span> 
     </span>
     <span class='ocr_line' id='line_1_34' title="bbox 197 3677 1326 3776; baseline -0.009 -20"><span class='ocrx_word' id='word_1_310' title='bbox 197 3686 287 3776; x_wconf 86' lang='grc' dir='ltr'>φύσις</span> <span class='ocrx_word' id='word_1_311' title='bbox 308 3685 458 3775; x_wconf 88' lang='grc' dir='ltr'>τοιαύτη,</span> <span class='ocrx_word' id='word_1_312' title='bbox 482 3683 571 3774; x_wconf 80' lang='grc' dir='ltr'>ύτὲρ</span> <span class='ocrx_word' id='word_1_313' title='bbox 594 3678 633 3755; x_wconf 82' lang='grc' dir='ltr'>ὧν</span> <span class='ocrx_word' id='word_1_314' title='bbox 654 3695 706 3756; x_wconf 85' lang='grc' dir='ltr'>νῦν</span> <span class='ocrx_word' id='word_1_315' title='bbox 727 3689 766 3776; x_wconf 85' lang='grc' dir='ltr'>δὴ</span> <span class='ocrx_word' id='word_1_316' title='bbox 790 3683 805 3756; x_wconf 77' lang='grc' dir='ltr'><strong><em>ὃ</em></strong></span> <span class='ocrx_word' id='word_1_317' title='bbox 827 3687 916 3773; x_wconf 88' lang='grc' dir='ltr'>λόγος</span> <span class='ocrx_word' id='word_1_318' title='bbox 938 3691 988 3753; x_wconf 82' lang='grc'>74.</span> <span class='ocrx_word' id='word_1_319' title='bbox 1006 3689 1026 3752; x_wconf 88' lang='grc'><strong>9</strong></span> <span class='ocrx_word' id='word_1_320' title='bbox 1049 3677 1132 3751; x_wconf 79' lang='grc' dir='ltr'>εἷλκε</span> <span class='ocrx_word' id='word_1_321' title='bbox 1152 3681 1205 3749; x_wconf 86' lang='grc' dir='ltr'>τὸν</span> <span class='ocrx_word' id='word_1_322' title='bbox 1218 3681 1326 3768; x_wconf 81' lang='grc' dir='ltr'>χρόνον</span> 
     </span>
     <span class='ocr_line' id='line_1_35' title="bbox 197 3785 1326 3878; baseline -0.006 -21"><span class='ocrx_word' id='word_1_323' title='bbox 197 3796 257 3858; x_wconf 84' lang='grc' dir='ltr'>τῶν</span> <span class='ocrx_word' id='word_1_324' title='bbox 283 3793 444 3875; x_wconf 67' lang='grc' dir='ltr'>συνξιηκῶν</span> <span class='ocrx_word' id='word_1_325' title='bbox 467 3786 525 3857; x_wconf 83' lang='grc' dir='ltr'>ἀεί</span> <span class='ocrx_word' id='word_1_326' title='bbox 548 3787 633 3878; x_wconf 68' lang='grc' dir='ltr'>ὑπὲρ</span> <span class='ocrx_word' id='word_1_327' title='bbox 663 3797 722 3859; x_wconf 83' lang='grc' dir='ltr'>τῶν</span> <span class='ocrx_word' id='word_1_328' title='bbox 750 3792 837 3860; x_wconf 83' lang='grc' dir='ltr'>κατὰ</span> <span class='ocrx_word' id='word_1_329' title='bbox 866 3792 956 3878; x_wconf 80' lang='grc' dir='ltr'>μέρος</span> <span class='ocrx_word' id='word_1_330' title='bbox 985 3786 1162 3873; x_wconf 84' lang='grc' dir='ltr'>ἀντιλογίας</span> <span class='ocrx_word' id='word_1_331' title='bbox 1192 3825 1235 3834; x_wconf 91' lang='lat'>-</span> <span class='ocrx_word' id='word_1_332' title='bbox 1265 3785 1326 3850; x_wconf 82' lang='grc' dir='ltr'>είσ·</span> 
     </span>
    </p>
   </div>
   <div class='ocr_carea' id='block_1_5' title="bbox 198 3956 1326 4284">
    <p class='ocr_par' dir='ltr' id='par_1_6' title="bbox 198 3956 1326 4284">
     <span class='ocr_line' id='line_1_36' title="bbox 286 3956 1325 4032; baseline -0.006 -18"><span class='ocrx_word' id='word_1_333' title='bbox 286 3960 306 4030; x_wconf 82' lang='grc'>1)</span> <span class='ocrx_word' id='word_1_334' title='bbox 325 3960 385 4014; x_wconf 89' lang='lat' dir='ltr'>Non</span> <span class='ocrx_word' id='word_1_335' title='bbox 405 3977 518 4029; x_wconf 91' lang='lat' dir='ltr'>prorsus</span> <span class='ocrx_word' id='word_1_336' title='bbox 536 3963 608 4015; x_wconf 88' lang='lat' dir='ltr'>recte</span> <span class='ocrx_word' id='word_1_337' title='bbox 627 3978 656 4016; x_wconf 87' lang='lat' dir='ltr'>sa</span> <span class='ocrx_word' id='word_1_338' title='bbox 673 3963 762 4031; x_wconf 70' lang='lat' dir='ltr'>habet</span> <span class='ocrx_word' id='word_1_339' title='bbox 781 3963 853 4032; x_wconf 91' lang='lat' dir='ltr'>quod</span> <span class='ocrx_word' id='word_1_340' title='bbox 871 3960 988 4015; x_wconf 89' lang='lat' dir='ltr'>Kaelker</span> <span class='ocrx_word' id='word_1_341' title='bbox 1006 3977 1031 4028; x_wconf 90' lang='lat' dir='ltr'>p.</span> <span class='ocrx_word' id='word_1_342' title='bbox 1049 3956 1235 4024; x_wconf 69' lang='lat' dir='ltr'>saliunca,</span> <span class='ocrx_word' id='word_1_343' title='bbox 1259 3971 1325 4009; x_wconf 89' lang='lat' dir='ltr'>cnm</span> 
     </span>
     <span class='ocr_line' id='line_1_37' title="bbox 199 4039 1326 4114; baseline -0.004 -17"><span class='ocrx_word' id='word_1_344' title='bbox 199 4045 273 4100; x_wconf 85' lang='lat' dir='ltr'>dicat</span> <span class='ocrx_word' id='word_1_345' title='bbox 290 4045 454 4114; x_wconf 81' lang='lat' dir='ltr'>„Polybium</span> <span class='ocrx_word' id='word_1_346' title='bbox 472 4047 524 4101; x_wconf 89' lang='lat' dir='ltr'>hoc</span> <span class='ocrx_word' id='word_1_347' title='bbox 542 4047 691 4100; x_wconf 86' lang='lat' dir='ltr'>discrimen</span> <span class='ocrx_word' id='word_1_348' title='bbox 710 4049 840 4102; x_wconf 87' lang='lat' dir='ltr'>statuisse</span> <span class='ocrx_word' id='word_1_349' title='bbox 858 4048 931 4100; x_wconf 90' lang='lat' dir='ltr'>inter</span> <span class='ocrx_word' id='word_1_350' title='bbox 947 4040 1012 4112; x_wconf 74' lang='grc' dir='ltr'>ὑπὲρ</span> <span class='ocrx_word' id='word_1_351' title='bbox 1025 4045 1052 4097; x_wconf 90' lang='lat' dir='ltr'>et</span> <span class='ocrx_word' id='word_1_352' title='bbox 1063 4042 1130 4112; x_wconf 88' lang='grc' dir='ltr'>περί,</span> <span class='ocrx_word' id='word_1_353' title='bbox 1148 4043 1180 4096; x_wconf 94' lang='lat' dir='ltr'>ut</span> <span class='ocrx_word' id='word_1_354' title='bbox 1191 4039 1250 4108; x_wconf 78' lang='grc' dir='ltr'>περὶ</span> <span class='ocrx_word' id='word_1_355' title='bbox 1262 4042 1326 4109; x_wconf 88' lang='lat' dir='ltr'>post</span> 
     </span>
     <span class='ocr_line' id='line_1_38' title="bbox 198 4125 1325 4200; baseline -0.004 -17"><span class='ocrx_word' id='word_1_356' title='bbox 198 4128 320 4198; x_wconf 77' lang='lat' dir='ltr'>vocales,</span> <span class='ocrx_word' id='word_1_357' title='bbox 344 4127 409 4198; x_wconf 78' lang='grc' dir='ltr'>ύπὲρ</span> <span class='ocrx_word' id='word_1_358' title='bbox 434 4133 495 4199; x_wconf 89' lang='lat' dir='ltr'>post</span> <span class='ocrx_word' id='word_1_359' title='bbox 517 4133 698 4186; x_wconf 87' lang='lat' dir='ltr'>consonantes</span> <span class='ocrx_word' id='word_1_360' title='bbox 724 4131 889 4200; x_wconf 77' lang='lat' dir='ltr'>adhiberet‘,</span> <span class='ocrx_word' id='word_1_361' title='bbox 917 4132 1046 4199; x_wconf 84' lang='lat' dir='ltr'>quoniam</span> <span class='ocrx_word' id='word_1_362' title='bbox 1068 4129 1127 4198; x_wconf 81' lang='grc' dir='ltr'>περὶ</span> <span class='ocrx_word' id='word_1_363' title='bbox 1153 4129 1235 4182; x_wconf 85' lang='lat' dir='ltr'>etiam</span> <span class='ocrx_word' id='word_1_364' title='bbox 1261 4125 1325 4193; x_wconf 91' lang='lat' dir='ltr'>post</span> 
     </span>
     <span class='ocr_line' id='line_1_39' title="bbox 198 4215 504 4284; baseline 0 -15"><span class='ocrx_word' id='word_1_365' title='bbox 198 4218 379 4271; x_wconf 87' lang='lat' dir='ltr'>consonantes</span> <span class='ocrx_word' id='word_1_366' title='bbox 397 4215 504 4284; x_wconf 87' lang='lat' dir='ltr'>legitur.</span> 
     </span>
    </p>
   </div>
   <div class='ocr_carea' id='block_1_6' title="bbox 0 0 1484 4516">
    <p class='ocr_par' dir='ltr' id='par_1_7' title="bbox 0 0 1484 4516">
     <span class='ocr_line' id='line_1_40' title="bbox 0 0 1484 4516; baseline 0 2"><span class='ocrx_word' id='word_1_367' title='bbox 0 0 1484 4516; x_wconf 95' lang='lat' dir='ltr'> </span> 
     </span>
    </p>
   </div>
  </div>
 </body>
</html>
