2960 4516
1220 232 1374 309 nc·

143 399 350 491 ποιησάμενος
378 397 412 468 δέ
442 397 565 480 πάντας
593 399 644 490 ὑφ’
669 397 779 468 ίαυτδν
808 407 844 467 Α.
868 400 898 468 6.
921 402 955 481 6;
973 403 1015 467 ·6.
1039 405 1072 480 83
1103 407 1136 466 Δ.
1160 405 1210 468 61.
1234 407 1269 480 55

146 511 174 572 1.
198 511 229 591 7;
252 510 292 571 Ε.
316 508 367 570 35.
391 508 426 586 9;
457 509 508 570 77.
534 509 565 588 1;
597 511 624 570 Ι.
647 508 697 570 25.
721 509 740 569 5
764 527 811 588 sq.
863 505 998 570 Maioris
1027 505 1181 570 momenti
1211 510 1269 586 est,

145 607 232 691 quod
254 607 312 672 ubi
333 606 477 691 deloco,
500 628 564 690 quo
588 608 663 690 quis
687 606 739 670 vel
762 605 841 689 quid
864 604 1022 688 procedit,
1047 607 1185 690 cogitari
1207 607 1273 672 iam

143 714 294 793 nequeat,
316 709 363 772 ibi
385 729 514 791 quoque
536 709 740 778 aecusativus
767 729 827 790 pro
856 707 966 772 dativo
997 729 1123 792 semper
1150 708 1272 792 legitur

143 817 168 876 1.
191 814 242 876 22.
267 815 284 875 1
307 809 446 896 τραφείς,
458 808 491 878 δὲ
513 809 569 877 καί
591 811 774 889 παιδευλείς
796 807 854 878 ὑπὸ
878 811 1056 895 Κλέανδρον
1078 809 1131 878 τ’σν
1154 814 1271 880 Μαντι-

144 913 198 977 νέα
224 912 282 977 cfr.
310 912 491 996 exemplum
519 913 617 996 paulo
647 933 747 997 supra
774 912 911 978 allatum
941 934 966 990 ς·.
994 918 1023 978 7.
1050 917 1070 978 2
1097 914 1273 1000 τραφέντας

145 1011 201 1082 tut
224 1013 384 1091 τοιούτοις.
429 1017 469 1078 Ε.
492 1017 544 1078 26.
567 1019 588 1078 4
609 1013 662 1080 τὸν
686 1011 826 1100 μὲνγὰρ
851 1014 981 1094 βασιλέα
1002 1016 1069 1082 νέον
1093 1016 1137 1082 ἔτι
1160 1013 1272 1083 καὶτὸ

145 1121 247 1184 πλεῖον
270 1114 319 1204 ὑφ’
344 1113 436 1182 αύτὲν
460 1114 536 1182 ’ύντα
558 1116 613 1182 καί
635 1114 768 1202 μηδενὸς
790 1115 892 1200 κύριον
915 1111 1094 1184 ἀπεδείκνυε
1115 1119 1154 1182 Ε.
1177 1119 1228 1182 65.
1251 1119 1272 1184 2

145 1218 321 1305 Σωκράτης
343 1216 376 1284 δὲ
398 1217 576 1296 πελταστὰς
598 1214 653 1305 ὑφ’
677 1216 799 1286 αὑτὸν
822 1212 885 1304 εἶχε
907 1219 1071 1304 δισχιλίους
1093 1221 1143 1284 82.
1167 1223 1187 1284 3
1210 1213 1273 1304 εἶχε
1352 1229 1358 1239 ’

144 1319 225 1407 μετὰ
251 1325 310 1386 τῶν
336 1317 386 1406 ὑφ’
411 1315 504 1386 abtin
534 1320 646 1386 ἱππέων
676 1318 711 1386 rb
742 1318 828 1386 λαιὸν
856 1321 951 1404 κέρας
974 1323 1024 1384 82.
1050 1324 1087 1386 11
1115 1319 1188 1390 τοὺς
1215 1317 1273 1388 ὑπὸ

145 1424 333 1509 Μενέδημον
355 1418 504 1500 εὐζώνους
536 1427 573 1486 Γ.
596 1425 647 1486 43.
672 1424 691 1486 3
725 1415 805 1506 εἶχον
829 1420 863 1488 δὲ
884 1420 941 1508 τὴν
964 1420 1018 1506 μὲν
1042 1422 1075 1502 ἐξ
1098 1419 1273 1508 ὑπερδεξίου

144 1525 199 1592 καί
231 1524 318 1610 παρὰ
346 1523 380 1590 rb
413 1525 511 1609 ῥεῦμα
538 1523 626 1603 τάξιν
652 1523 681 1590 οἱ
702 1524 823 1609 λέμβοι,
851 1521 908 1610 τὴν
938 1520 1027 1589 δ’ύπὸ
1053 1523 1206 1600 τούτους
1231 1523 1274 1590 τὰ

145 1625 243 1694 λεπτὰ
265 1632 324 1692 τῶν
346 1625 520 1711 πσρῖιμείων
543 1647 591 1708 sq.
635 1625 741 1690 Notes
764 1626 938 1693 dictionem
960 1630 1087 1710 λεωρεῖν
1109 1626 1158 1691 vel
1176 1630 1274 1694 bede-

144 1729 205 1798 bni
226 1743 256 1794 τί
279 1725 336 1794 ὑπὸ
359 1727 416 1814 τὴν
438 1727 509 1812 ’cibor
530 1732 565 1791 A.
588 1730 640 1791 20.
664 1729 698 1804 9;
727 1733 760 1791 Δ.
784 1732 835 1792 41.
859 1731 895 1807 9;
927 1735 952 1792 Ι.
978 1733 1027 1794 18.
1053 1733 1092 1794 13
1125 1730 1275 1794 similiter

144 1831 289 1901 traebat
311 1855 340 1896 τι
363 1826 418 1896 ini
438 1831 496 1907 τάς
519 1826 618 1913 αύγάς
641 1833 679 1893 Ε.
696 1833 745 1894 35.
765 1833 804 1896 10
827 1833 1015 1917 τελεαμένος
1037 1829 1092 1916 μὲν
1107 1825 1157 1898 ὑπ’
1174 1829 1275 1916 αὐγὰς

146 1931 246 2000 αὐτῶν
276 1935 316 1999 τὰ
345 1933 519 2019 πράγματα
548 1954 565 1996 e
594 1933 776 2015 propinquo
803 1934 853 1997 vel
876 1935 908 1996 in
940 1934 1028 1998 clara
1056 1935 1128 2012 luce
1150 1934 1275 2017 aliquid

145 2037 253 2101 videre
275 2043 300 2099 Ι.
325 2038 353 2099 3.
380 2041 395 2098 1
420 2034 474 2100 καὶ
496 2035 690 2118 τελεαμένων
714 2030 763 2100 ὑπ’
789 2031 887 2119 αύχὰς
911 2030 1006 2102 αὐτοῦ
1029 2034 1086 2121 τὴν
1107 2034 1204 2123 φύσιν.

230 2137 301 2202 Nec
333 2138 438 2202 minus
472 2158 569 2220 qnam
594 2137 868 2220 praepositionem
904 2132 961 2202 tut
988 2161 1061 2202 cum
1090 2138 1274 2203 accusativo

145 2239 278 2304 adamat
301 2239 460 2322 Polybius
495 2239 629 2303 eandem
669 2261 743 2303 cum
775 2240 922 2321 genetivo
957 2241 1174 2321 coniunctam,
1210 2262 1274 2324 quo

146 2340 316 2420 indicetur,
341 2340 466 2424 aliquid
482 2341 594 2424 aliqua
609 2363 644 2406 re
660 2341 745 2421 fieri;
766 2341 808 2405 ad
825 2363 922 2423 quam
937 2347 1134 2408 structuram
1149 2343 1276 2407 hiatum

144 2464 210 2507 non
238 2442 445 2507 mediocriter
473 2443 596 2524 valere,
631 2443 681 2508 his
714 2443 869 2526 exemplis
899 2443 1082 2510 illustrabo:
1118 2450 1152 2510 A.
1179 2448 1273 2510 34.7

145 2543 408 2630 ουνεπατήῖιησαν
440 2542 499 2609 ὑπὸ
527 2549 587 2631 τῆς
613 2541 785 2632 δπερφυοῦς
817 2545 887 2626 βίας
918 2551 977 2611 τῶν
1008 2545 1104 2627 ζώων,
1134 2551 1278 2634 nonnil

146 2643 297 2732 ὑπορρεῖ
318 2646 371 2732 βίρι
393 2650 428 2711 Β.
445 2650 497 2710 29.
514 2649 533 2709 9
556 2647 598 2712 τὰ
618 2643 703 2712 abab
723 2652 781 2732 τῆς
803 2651 974 2726 λυσιτελοῦς
997 2649 1116 2728 ἐλπίδος
1132 2645 1275 2735 ἀγόμενοι

144 2770 210 2814 non
232 2753 273 2835 τῇ
300 2749 396 2814 ε’λπίδι
419 2745 564 2834 ἀγάμενοι
587 2753 637 2814 37.
661 2753 681 2812 6
705 2745 910 2836 άπηυτήσῖιαι
932 2749 1012 2836 μηδὲ
1028 2751 1204 2836 παράλογον
1221 2748 1277 2817 ὑπὸ

145 2857 203 2938 τῆς
218 2851 329 2935 τύχης,
352 2851 438 2933 ὥςτε,
461 2873 526 2916 non
549 2857 590 2938 τῇ
606 2850 696 2938 τύχῃ,
721 2851 806 2916 ὥστε.
825 2902 857 2916 ..
884 2855 933 2917 39.
960 2858 998 2917 12
1021 2850 1079 2920 ὑπὸ
1100 2859 1159 2940 τῆς
1175 2858 1275 2919 Λακε-

145 2953 309 3039 δαιμονίων
331 2950 431 3040 ἀρχῆς
451 2954 700 3034 ἐπισκοπεῖσίιαι,
725 2975 790 3018 non
809 2959 849 3040 τῇ
872 2992 912 3000 -
934 2950 1017 3043 ἀρχῇ
1038 2957 1275 3034 έπιςκοπεῖσῖυαι

145 3059 196 3120 60.
210 3055 431 3140 4περισταλείς
451 3052 576 3142 ὑπὸτῆς
596 3061 654 3121 τῶν
671 3051 801 3140 Ἀχαιῶν
820 3054 996 3142 πραίτητος
1022 3057 1077 3123 καὶ
1095 3062 1274 3142 καλοκαγα-

144 3157 251 3241 ἳιίας,
273 3157 393 3234 οἵτινες
412 3179 476 3226 non
487 3157 722 3246 καλοκαγαῖυίρι,
745 3157 866 3234 οἵτινες
877 3161 916 3222 Γ.
929 3161 1012 3223 469
1029 3158 1230 3244 περιεχίμενα
1241 3157 1275 3224 δὲ

144 3255 202 3325 ὑπὸ
222 3265 276 3324 τοῦ
302 3259 475 3345 ῥεύματος
499 3255 676 3340 ἀπεδιιλία;
700 3264 751 3325 51.
775 3264 794 3324 2
818 3259 1033 3346 ἐξεκλῆἓιησαν
1056 3257 1112 3326 ὑπὸ
1133 3267 1186 3326 τοῦ
1200 3284 1273 3347 συμ-

145 3361 312 3441 βαίνοντος
327 3360 522 3441 ἐξάπτεσῖυαι
532 3368 591 3448 τῆς
602 3362 729 3446 πορείας
740 3365 791 3426 66.
804 3365 825 3426 2
837 3361 1042 3448 βαρυνόμενον
1053 3359 1109 3428 ὑπὸ
1119 3367 1172 3428 τοῦ
1184 3361 1274 3448 τραύ-

145 3487 246 3546 ματος
262 3463 306 3542 eu
325 3459 463 3550 ἀσφαλές
484 3467 535 3529 70.
548 3469 566 3528 7
575 3489 582 3544 ;
599 3468 651 3528 84.
664 3468 698 3547 4;
720 3467 789 3529 103.
803 3467 822 3529 6
841 3459 1043 3550 ἠλλοιωμένος
1059 3461 1115 3532 ὑπὸ
1130 3470 1189 3531 τῶν
1200 3485 1274 3550 συμ-

146 3565 328 3651 βεβηκότων,
353 3567 398 3631 ἔτι
414 3570 458 3646 δε,
474 3566 551 3648 quia
568 3566 707 3648 scriptor
728 3591 744 3630 ν
767 3566 982 3650 ephelcystioo
1005 3588 1079 3632 raro
1095 3567 1212 3650 utitur3
1234 3571 1273 3631 Ε.

147 3670 195 3731 15.
220 3669 253 3750 3;
276 3669 328 3732 sc.
350 3671 383 3754 ω
408 3671 459 3732 73.
483 3671 521 3752 6;
547 3672 597 3733 er.
621 3672 654 3748 3;
680 3671 751 3733 no.
776 3672 814 3732 11
839 3690 886 3752 sq.

368 3939 372 3946 ¹
665 3855 759 3942 Πρός.

230 3973 368 4040 Profero
398 3976 463 4040 iam
471 4025 479 4057 ,
512 3995 596 4058 quae
624 3975 828 4058 potissimum
858 3975 898 4039 de
930 3967 1172 4057 praepositione
1203 3974 1276 4060 πρὸς

145 4075 284 4140 dicenda
306 4075 386 4140 mihi
408 4077 572 4159 videntur3
596 4099 635 4143 ac
656 4079 796 4160 primum
818 4078 890 4164 πρὸς
912 4099 985 4143 cum
1001 4077 1110 4142 dativo
1126 4078 1275 4142 coniunc-

145 4184 212 4242 tum
236 4177 324 4242 haud
347 4200 422 4243 raro
445 4180 487 4243 ad
515 4182 641 4245 numeri
670 4180 815 4245 rationes
849 4179 1080 4264 exprimendas
1101 4179 1276 4244 adhibetur
