2960 4516
210 380 376 464 Deinceps
398 378 544 465 exempla
566 379 732 444 afferenda
760 383 850 461 sunt,
881 379 1061 462 exquibus
1084 385 1251 464 appareat,

126 483 270 550 dativum
292 503 313 548 a
334 483 492 566 scriptore
520 483 661 548 maximo
690 482 798 547 studio
827 482 1067 566 praepositione
1089 480 1253 569 περίοπτοι

127 587 310 652 accusativo
333 584 566 651 circumscribi.
609 584 687 650 Huc
708 585 873 668 pertinent
895 590 931 650 A.
955 587 1006 650 22.
1031 587 1048 650 1
1071 583 1107 652 τὸ
1128 584 1253 672 γεγονὸς
1326 593 1328 598 ’

128 685 302 774 σύμπτωμα
329 685 397 773 περί
424 685 477 755 τὸν
497 691 614 754 Γναῖον
637 689 686 751 16.
710 691 729 751 7
753 683 861 753 διὰτὸ
884 685 1030 774 καὶπερὶ
1055 685 1097 754 τὰ
1118 685 1176 774 πρὸ
1196 693 1252 755 τοῦ

127 788 279 872 διαβάντα
302 788 498 876 στρατόπεδα
518 786 632 876 πολλὴν
654 789 770 855 ἔνδειαν
798 788 953 874 γεγονέναι
980 794 1040 856 τῶν
1067 789 1252 876 ἐπιτηδείων.

127 895 179 958 48.
202 897 237 974 7;
260 895 311 958 48.
335 896 368 974 7;
391 895 442 957 54.
468 894 500 971 1;
525 894 576 956 61.
598 895 634 972 4;
657 893 709 956 66.
734 893 788 971 123
812 893 863 956 67.
880 895 914 972 7;
936 894 974 956 Β.
990 894 1092 974 33.6;
1115 895 1153 958 Γ.
1169 896 1199 958 5.
1216 896 1252 974 8;

127 996 179 1060 63.
203 996 258 1074 13;
281 996 332 1060 72.
355 997 389 1075 2;
412 1001 445 1058 Δ.
468 996 499 1058 2.
524 995 578 1073 10;
601 995 653 1058 29.
675 995 711 1073 5;
734 995 786 1058 36.
811 997 843 1074 1-;
866 996 906 1058 Ε.
921 996 974 1060 29.
997 996 1031 1075 33
1054 992 1107 1059 54.
1122 995 1156 1076 3;
1180 997 1253 1061 105.

127 1099 163 1177 6;
198 1097 270 1162 110.
293 1099 361 1161 7..
407 1094 532 1162 Oontra
555 1094 643 1160 solus
666 1094 792 1160 dativus
816 1115 855 1162 ex
876 1096 998 1178 verbis,
1032 1115 1116 1180 quae
1145 1097 1254 1163 omnia

126 1197 185 1262 illa
207 1218 290 1281 qnae
312 1198 408 1264 attuli
430 1197 577 1282 exempla
599 1197 753 1263 exhibent
766 1197 867 1263 veluti
881 1197 1053 1284 γίγνεσῖναι,
1069 1197 1252 1285 συμβαίνειν,

126 1299 289 1386 γίγνεσῖιαι
316 1300 510 1386 συμβαίνειν,
539 1292 633 1385 elaad,
658 1301 764 1366 rarius
793 1321 968 1385 suspensus
998 1306 1049 1366 est
1074 1303 1099 1368 I.
1122 1302 1173 1366 36.
1196 1306 1215 1367 7
1236 1299 1254 1368 ‘o'

126 1401 183 1468 καὶ
205 1401 276 1468 τότε
300 1403 408 1490 συνέβη
431 1409 495 1480 τοῖς
517 1403 743 1489 Καρχηδονίοις
763 1405 805 1468 K.
830 1405 880 1468 11.
905 1406 937 1484 13
959 1405 997 1467 Γ.
1022 1405 1052 1468 6.
1075 1404 1095 1468 3
1117 1424 1189 1488 sqq.

213 1503 326 1590 Atque
336 1525 396 1589 pro
408 1504 478 1570 solo
492 1506 640 1588 genetivo
649 1505 808 1591 Polybius
821 1505 916 1571 valde
930 1504 1062 1572 adamat
1072 1504 1256 1571 uberiorem

126 1606 333 1690 locutionem,
356 1628 453 1690 quam
474 1607 609 1690 praebet
630 1607 698 1694 περὶ
729 1629 801 1673 cum
830 1608 1014 1674 accusativo
1037 1609 1254 1674 coniunctum.

17 1781 18 1786 .
127 1709 287 1794 Exempla
308 1713 384 1774 sunt
404 1708 497 1775 haec:
521 1714 558 1775 l.
581 1713 611 1776 2.
636 1713 652 1774 1
676 1710 711 1776 τδ
738 1708 806 1794 περὶ
833 1707 891 1798 τὴν
919 1706 1076 1798 ἡμετέραν
1106 1706 1255 1778 introeo

127 1808 279 1898 ἱνεῶρημα
302 1814 352 1877 16.
377 1816 408 1895 1;
431 1814 483 1878 20.
506 1815 541 1894 2,
565 1814 617 1878 20.
642 1815 682 1878 10
703 1817 763 1890 τίς
784 1811 854 1900 περὶ
875 1811 935 1891 τὰς
955 1811 1116 1900 πεντήρεις
1137 1835 1254 1899 νανπη·

126 1913 200 2000 γίας
220 1917 271 1979 21.
295 1917 315 1978 9
336 1919 392 1981 τοῦ
414 1913 481 2000 περὶ
502 1913 554 1980 τὸν
575 1916 690 1980 Γναῖον
712 1910 930 2003 ἀιυχηματος;
954 1918 1006 1981 29.
1029 1919 1063 1996 2;
1085 1918 1138 1981 46.
1157 1918 1178 1980 2
1199 1920 1256 1982 τοῦ

127 2015 197 2102 περὶ
218 2013 259 2082 τὰ
280 2017 423 2103 Δρέπανα
445 2019 565 2104 λιμένος
586 2020 638 2082 58.
662 2021 695 2098 7;
717 2019 770 2082 59.
793 2020 827 2102 9ζ;
850 2021 886 2084 Β.
911 2021 961 2084 14.
981 2021 1001 2082 3
1024 2015 1255 2106 δπογραρέντων

126 2125 188 2186 τῶν
208 2119 277 2204 περί
297 2143 332 2188 τε
354 2118 428 2199 τοὺς
449 2117 562 2198 τόπους
582 2119 639 2186 καί
660 2119 717 2208 τὴν
731 2119 833 2206 χώραν
849 2117 1020 2206 ἰδιωμάτων
1042 2123 1129 2186 41.3
1150 2116 1256 2208 {prepi

126 2220 164 2289 τὸ
187 2223 401 2310 προειρημένον
425 2223 517 2302 essee
543 2221 685 2301 δισίίιεσις
705 2226 744 2288 Γ.
769 2227 798 2289 7.
821 2226 841 2288 5
870 2228 930 2290 τῶν
960 2222 1029 2310 περὶ
1056 2221 1098 2290 τὰ
1125 2221 1256 2309 σώματα

126 2325 298 2393 διαβέσεων
322 2329 361 2391 Ε.
388 2327 440 2391 26.
467 2329 488 2391 2
514 2322 572 2416 τὴν
602 2324 670 2410 περὶ
699 2329 781 2414 σρᾶς
811 2321 940 2412 ἀπορίαν
969 2325 1025 2392 καὶ
1051 2323 1257 2412 δνσχρηστίαν

126 2430 153 2493 Ι.
187 2430 237 2492 37.
266 2429 301 2507 2;
338 2430 363 2493 l.
393 2430 445 2494 40.
476 2432 509 2509 7;
543 2431 595 2494 49.
627 2432 659 2509 1;
693 2431 730 2493 Δ.
761 2429 813 2493 23.
843 2430 877 2508 2;
910 2431 965 2494 ΙΕ.
1000 2431 1051 2494 33.
1083 2431 1124 2494 10
1153 2427 1256 2513 sqq.¹)

127 2529 321 2596 Cuiusmodi
344 2530 490 2614 exempla
512 2531 540 2595 si
563 2531 637 2614 quis
667 2531 852 2596 accuratius
881 2530 1146 2614 consideraverit,
1176 2529 1257 2594 duas

125 2631 333 2717 potissimum
354 2631 494 2697 inveniet
516 2652 641 2715 causas,
665 2653 722 2697 eur
744 2633 884 2715 scriptor
897 2632 1095 2716 adhibuerit,
1117 2631 1258 2718 primum

126 2737 169 2798 ut
190 2731 271 2797 duos
293 2733 458 2816 genetivos
480 2733 565 2798 inter
587 2754 622 2798 se
644 2753 748 2817 oeque
771 2738 924 2800 sonantes
946 2737 983 2802 B.
1008 2738 1058 2799 14.
1079 2736 1113 2814 3;
1135 2737 1174 2798 Γ.
1191 2736 1256 2797 'bb

127 2833 248 2899 deinde
268 2841 307 2900 ut
328 2833 455 2900 hiatum
469 2837 607 2901 evitaret
629 2839 663 2900 l.
679 2839 731 2900 21.
748 2840 782 2916 9;
805 2839 842 2900 Β.
858 2840 909 2901 41.
923 2840 942 2902 3
959 2885 967 2901 .
984 2885 992 2902 .
1015 2836 1133 2904 Cetera
1147 2841 1258 2901 autem

127 2935 277 3020 exempla
310 2957 349 3001 ex
378 2937 510 3021 Polybii
539 2937 647 3003 studio
678 2939 840 3022 copiosius
870 2937 1067 3021 uberiusque
1096 2937 1258 3004 scribendi

127 3038 322 3121 explicanda
344 3059 414 3104 esse
435 3060 529 3104 nemo
552 3060 618 3105 non
639 3041 803 3106 concedet.

215 3139 287 3205 Iam
309 3140 397 3223 quod
418 3141 461 3205 ad
481 3140 550 3226 περὶ
570 3143 718 3225 genetivo
746 3143 930 3226 appositum
954 3141 1143 3223 transimus,
1173 3140 1258 3206 hano

126 3243 402 3328 praepositionem
430 3263 496 3308 una
526 3264 600 3309 eum
628 3240 703 3330 ὑπὲρ
734 3265 808 3310 cum
837 3244 951 3310 eodem
979 3264 1056 3309 casu
1085 3244 1257 3312 coniuncto

126 3348 271 3408 tractare
292 3345 450 3427 optimum
473 3364 544 3410 esse
564 3345 644 3411 mihi
666 3345 804 3412 videtur.

215 3445 395 3530 Postquam
439 3451 586 3513 oratores
618 3447 733 3534 Attici
762 3447 1037 3532 praepositionem
1077 3442 1152 3531 ὑπὲρ
1185 3465 1259 3510 cum

126 3567 201 3632 gen.
224 3548 337 3615 eadem
359 3569 425 3634 qua
446 3550 516 3636 περὶ
537 3571 611 3615 cum
632 3571 704 3634 gen.
727 3549 964 3634 significatione
984 3548 1091 3615 rarius
1120 3547 1258 3614 adhibu·
1336 3579 1342 3587 ·

127 3651 258 3736 eruntl)
280 3651 440 3737 Polybius
456 3673 493 3719 eo
515 3672 709 3737 progressus
731 3658 790 3737 est,
812 3659 850 3719 ut
871 3649 945 3738 ὑπὲρ
968 3671 1197 3736 saepenumero
1220 3670 1259 3715 ao

218 3836 238 3906 ¹)
255 3837 384 3907 Legimus
409 3843 430 3894 1.
449 3838 490 3895 37.
508 3839 526 3894 2
544 3838 631 3894 ἐλύπει
655 3837 710 3908 μὲν.
725 3838 773 3909 γὰρ
797 3838 877 3894 αὐτὸν
900 3834 918 3907 ἡ
943 3839 1003 3906 περὶ
1029 3835 1074 3893 τὸν
1092 3834 1257 3908 Ἀνδοβοῗλην

127 3917 286 3990 ἀπόστασις,
305 3939 359 3992 quo
375 3923 436 3980 loco
453 3925 583 3980 Reiskius
601 3929 629 3980 et
640 3925 807 3980 Hultsobius
824 3925 1021 3980 etDindorfius
1038 3924 1187 3979 articulum
1205 3926 1258 3977 τῶν

126 4009 320 4077 interponunt:
338 4004 356 4077 ἡ
375 4011 427 4064 τῶν
446 4009 504 4077 περὶ
522 4009 567 4064 τὸν
581 4012 613 4066 l.
632 4008 785 4074 ἀπόστασις.
813 4011 892 4078 Quod
904 4027 971 4065 num
989 4011 1062 4064 reete
1079 4010 1135 4078 fiat,
1154 4011 1257 4066 dubito.

126 4175 173 4231 Eu
190 4092 239 4230 kl)
257 4093 309 4230 Ne1
310 4096 390 4231 ⁷apud
411 4095 585 4150 Aristotelem
604 4099 716 4167 quidem
733 4098 779 4152 hic
797 4112 866 4152 usus
885 4111 964 4165 saepe
981 4095 1116 4164 reperitur
1127 4095 1174 4149 cir.
1187 4094 1257 4150 Rud.

173 4192 189 4230 ο
209 4192 243 4231 en
254 4194 280 4247 p.
328 4219 334 4233 .
