2960 4516
1213 269 1261 338 27

140 434 305 522 φερόμενος
323 437 374 498 IB.
391 437 421 498 4.
437 437 458 496 4
480 439 572 498 ποιεῖ
594 427 679 517 ὑπὲρ
702 419 741 496 ὧν
757 432 824 494 ΚΔ.
842 431 882 494 33
898 429 1151 518 suarattaratae,
1174 429 1262 517 ὑπὲρ

140 525 175 603 οὗ
197 539 262 601 ΚΔ.
285 538 350 600 2.1
374 531 448 618 ὑπὲρ
469 539 524 600 τοῦ
547 536 765 619 προνοηίιῆναι
788 527 874 616 ὑπὲρ
896 536 956 619 τῆς
977 527 1117 600 arados
1139 537 1209 600 AH.
1234 538 1262 601 1.

140 642 233 704 7-8.
284 637 362 702 Huc
391 627 550 702 accedunt
580 636 644 700 duo
673 635 750 716 loci,
785 634 903 718 quibus
940 630 1013 720 ὑπὲρ
1042 639 1263 704 accusativum

138 743 402 825 regienses
431 744 521 806 τοῦτο
549 735 583 804 δὲ
608 735 643 804 τὸ
671 736 773 824 μῆκός
800 738 865 803 ἐστι
892 741 951 823 τῆς
976 738 1139 822 παραλίου
1168 735 1262 824 ὑπὲρ

138 843 211 922 τοὺς
226 841 449 927 ἑξακισχιλίους
465 891 497 907 ..
521 840 672 918 σταδίους.
696 842 782 906 79.8
804 840 1051 928 κατερλείροντο
1074 837 1168 928 ὑπὲρ
1190 839 1265 918 τοὺς

139 945 259 1025 ἄλλους.
304 945 377 1012 Iam
398 950 435 1010 ut
455 949 528 1010 octo
543 943 603 1008 hos
618 945 706 1009 locos
723 945 949 1026 examinemus,
971 945 1108 1009 maxime
1123 945 1262 1025 suspicio

139 1071 211 1115 sum
240 1047 377 1130 videtur,
408 1047 496 1132 quod
525 1047 681 1131 scriptum
703 1051 753 1112 est
775 1049 815 1112 E.
838 1049 889 1111 21.
915 1049 964 1112 10.
1008 1047 1156 1112 Primum
1179 1046 1263 1112 enim

139 1150 276 1216 offendit
304 1149 410 1214 hiatus
439 1153 513 1233 post
545 1149 739 1233 particulam
768 1145 824 1234 δὴ,
859 1147 977 1214 deinde
1005 1149 1154 1233 plurimis
1182 1149 1262 1214 locis

137 1273 317 1337 pronomen
345 1255 483 1328 τοιοῦτος
514 1271 587 1314 cum
615 1249 782 1316 indefinito
810 1271 858 1328 τις
887 1251 1108 1334 coniungitur,
1145 1251 1193 1316 ita
1225 1253 1263 1316 ut

137 1353 335 1420 Hultschius
379 1352 468 1416 haud
505 1351 573 1417 sine
610 1351 842 1436 probabilitate
878 1351 1090 1418 Benselerum
1134 1357 1263 1418 secutus

136 1455 235 1522 verba
268 1451 340 1541 ὑπὲρ
372 1475 476 1538 usque
509 1453 552 1519 ad
584 1453 673 1538 λόγος
705 1453 892 1536 parenthesi
914 1455 1091 1520 secluserit.
1135 1455 1262 1520 Deinde

135 1559 228 1626 loeus
261 1561 326 1622 ΚΔ.
360 1560 389 1622 2.
422 1560 439 1621 1
475 1555 695 1621 emendandus
729 1561 792 1640 est,
832 1557 908 1640 quia
940 1557 1097 1641 Polybius
1130 1563 1263 1642 propter

136 1661 331 1728 antecedens
346 1657 420 1744 ὑπὲρ
436 1659 546 1723 statim
560 1663 674 1742 postea
689 1657 823 1724 eandem
838 1660 1110 1744 praepositionem
1121 1660 1263 1726 scribere

135 1786 201 1831 non
230 1763 323 1829 solet.
368 1761 518 1843 Denique
541 1761 640 1824 etiam
661 1761 733 1827 loco
762 1764 801 1826 Γ.
825 1763 875 1826 39.
900 1765 919 1827 3
942 1762 1068 1828 hiatum
1092 1763 1263 1828 deleverim

135 1864 287 1951 παραλίου
302 1859 384 1929 'cum
405 1862 579 1928 Benselero
601 1861 727 1928 mutato
750 1863 784 1928 in
806 1864 975 1948 παραλίας,
1005 1885 1081 1930 nam
1102 1886 1264 1949 nusquam

135 1968 225 2054 apud
254 1965 429 2050 Polybium
457 1962 607 2048 παράλιος
640 1965 700 2046 pro
736 1964 875 2048 παραλία
910 1967 1047 2050 repperi.
1100 1967 1226 2034 Ceteris
1235 1968 1262 2054 ἱ)

135 2093 218 2156 qnos
239 2069 334 2135 attuli
354 2067 435 2134 locis
456 2087 514 2132 our
536 2065 709 2131 adhibeam
730 2068 951 2152 mutationem,
975 2089 1074 2134 causa
1096 2069 1176 2134 mihi
1196 2090 1263 2135 non

134 2173 307 2254 videtur.2)
351 2168 552 2234 Addendum
573 2169 711 2252 videtur,
736 2170 824 2252 quod
846 2171 913 2256 περὶ
936 2177 969 2236 et
992 2167 1063 2257 ὑπὲρ
1083 2171 1173 2237 haud
1187 2193 1263 2238 raro

134 2277 284 2362 genetivo
318 2271 527 2357 apponuntur
559 2273 623 2354 ita,
663 2277 701 2337 ut
734 2272 796 2338 hae
829 2275 1086 2357 praepositiones
1126 2294 1264 2359 superva

134 2399 255 2444 caueae
276 2376 447 2441 videantur
467 2377 502 2438 Α.
529 2378 556 2438 1.
582 2378 598 2439 1
622 2372 674 2441 τὸν
696 2370 770 2460 ὑπὲρ
794 2371 892 2462 αὐτῆς
912 2381 971 2464 τῆς
993 2376 1129 2463 ἱστορίας
1142 2377 1264 2443 ἔπαινον

133 2485 173 2547 Β.
196 2483 246 2544 37.
269 2482 289 2546 6
314 2476 373 2564 τὴν
399 2475 454 2563 μὲν
477 2471 551 2562 ὑπὲρ
580 2481 642 2543 τῶν
663 2477 885 2562 προγεγονότων
906 2479 980 2566 παρ’
1004 2475 1108 2556 αὐτοῖς
1130 2478 1264 2564 ἱστορίαν

134 2586 176 2648 Γ.
199 2585 249 2647 81.
274 2584 293 2646 3
314 2577 387 2658 τοὺς
409 2575 482 2664 ὑπὲρ
504 2584 564 2644 τῶν
585 2578 662 2646 Γόλων
683 2585 879 2666 προεστῶτας
900 2585 935 2646 Α.
960 2585 1010 2647 15.
1034 2585 1062 2654 9,
1076 2603 1123 2665 sq.
1151 2585 1188 2648 B.
1212 2586 1262 2648 14.

133 2689 155 2752 2
178 2683 237 2771 τὴν
259 2684 329 2769 περί
350 2678 452 2749 αὐτῶν
474 2681 609 2767 ἱστορίαν
633 2687 682 2748 16.
709 2687 749 2748 14
772 2705 842 2766 sqq.

220 2803 317 2890 Quod
358 2803 499 2886 denique
539 2802 582 2866 ad
625 2802 870 2868 collocationem
910 2803 1158 2887 praepositionis
1199 2804 1266 2889 περί

133 2898 267 2990 attinet,
298 2905 385 2991 apud
415 2905 591 2990 Polybium
620 2905 709 2971 nullo
738 2906 810 2972 loco
840 2905 987 2990 genetivo
1018 2907 1264 2990 postpositum

132 3011 326 3096 reperimus,
362 3007 451 3092 quod
484 3006 572 3090 apud
606 3006 738 3072 Atticos
772 3008 958 3092 saepissime
990 3007 1110 3072 accidit
1142 3046 1183 3055 -
1205 3007 1263 3072 cfr.

131 3111 212 3181 Raf.
237 3110 404 3190 Kuehner,
428 3107 509 3173 ausf.
534 3107 592 3174 (ir.
616 3109 665 3192 H,
687 3132 719 3194 p.
741 3113 804 3174 481
829 3147 868 3158 -
890 3109 943 3174 De
965 3109 1004 3173 iis
1024 3113 1142 3192 autem,
1165 3110 1222 3192 qui
1244 3131 1265 3174 a

133 3213 268 3298 Polybii
282 3218 427 3296 tempore
441 3211 575 3294 propius
590 3211 716 3293 absunt,
742 3211 782 3277 de
796 3212 977 3277 Aristotele
993 3215 1026 3276 et
1036 3210 1263 3295 Theophrasto

132 3337 187 3382 res
214 3317 262 3380 ita
291 3335 325 3380 se
353 3312 471 3395 habet,
504 3317 541 3378 ut
572 3315 735 3380 nonnullis
765 3319 893 3380 tantum
920 3314 1000 3379 locis
1022 3313 1105 3379 illud
1125 3313 1185 3379 fiat
1206 3314 1263 3380 cs.

132 3456 339 3467 ..-.—.——-

224 3518 245 3588 1)
263 3517 432 3574 Kaelkerum
451 3532 546 3572 omnes
564 3516 619 3571 loci
637 3517 791 3585 effugerunt
809 3519 915 3586 praeter
933 3516 1002 3570 duos
1020 3517 1053 3570 E.
1072 3513 1113 3571 74.
1131 3515 1148 3571 9
1165 3519 1193 3572 et
1210 3519 1264 3570 ΚΔ.

132 3605 164 3659 2.
179 3602 201 3673 1,
221 3621 283 3658 cum
297 3603 371 3657 dicat
388 3617 544 3671 „nusquam
563 3605 626 3657 ante
645 3599 710 3670 ὑπὲρ
729 3603 842 3656 admisit
860 3602 976 3668 scriptor
992 3601 1100 3658 hiatum
1117 3603 1174 3656 nisi
1191 3603 1264 3672 quod

133 3690 243 3744 duobus
260 3689 330 3744 locis
347 3689 377 3742 in
395 3687 475 3741 libris
493 3688 692 3756 manuscriptis
710 3687 799 3743 vocali
816 3687 993 3742 antecedente
1010 3683 1075 3756 ὑπὲρ
1097 3689 1263 3744 invenitur.“

222 3791 243 3862 a)
261 3793 294 3846 Ε.
312 3789 354 3846 74,
372 3789 389 3844 9
406 3789 523 3844 Kaelker
539 3789 646 3842 hiatum
666 3786 707 3844 ἀτὶ
724 3785 788 3858 ὑπὲρ
806 3788 883 3844 nullo
900 3791 981 3844 modo
998 3791 1062 3844 ferri
1073 3807 1153 3859 posse
1165 3791 1262 3845 existi·

129 3877 214 3930 'mans
237 3877 418 3930 mutationem
444 3873 655 3942 praepositionis
680 3873 744 3944 ὑπὲρ
767 3879 797 3932 in
818 3874 877 3942 περὶ
898 3873 996 3929 fulcire
1019 3875 1161 3934 vulteum
1181 3877 1261 3944 dicat,

134 3958 272 4030 ἀντιλέγειν
289 3961 335 4016 uel
348 3958 493 4028 οίντιλογίαν
506 3959 639 4028 γίγνεσθαι
651 3962 732 4016 etiam
745 3963 818 4031 apud
830 3960 1026 4029 Thucydidem,
1045 3961 1261 4029 Xenophontem,

133 4046 322 4116 Plutarchum,
331 4047 483 4102 Diodorum
489 4062 553 4100 curn
562 4047 621 4115 arpi
629 4049 767 4117 coniungi.
783 4048 843 4114 Qua
851 4063 886 4100 ex
895 4063 923 4100 re
935 4047 968 4098 de
973 4045 1089 4114 Polybio
1094 4044 1261 4112 nihilcolligi

134 4134 235 4202 potest,
253 4133 350 4187 cumis
368 4131 449 4186 modo
467 4131 615 4199 uspimodo
632 4127 696 4200 ὑπὲρ
716 4131 842 4186 sineulle
860 4131 1019 4185 discrimine
1037 4146 1072 4183 ex
1090 4125 1198 4180 dicendi
1216 4126 1260 4179 vel

135 4219 272 4273 eiusmodi
289 4217 381 4272 verbis
399 4217 521 4286 pendens
539 4217 628 4272 faciat.
