2960 4516
197 151 243 229 16

192 320 309 403 quibus
333 318 475 400 deloco,
505 317 591 382 unde
614 316 738 402 aliquid
760 316 984 400 proficiscitur,
1016 317 1153 402 cogitari
1175 313 1240 384 iam
1262 333 1318 384 ne·

191 427 299 505 queat.
322 429 357 501 A⁶
381 425 432 486 81.
456 423 475 485 8
498 418 552 485 aas
574 418 607 485 δὲ
629 419 717 486 πάλιν
739 419 810 507 (τῆν
831 420 1015 507 ἳνεραπείαν)
1039 417 1105 509 ἀφῆ
1130 420 1186 507 (τὰ
1209 421 1317 509 ἕλκη),

191 524 277 590 κατὰ
291 523 348 608 τῆν
368 523 401 603 ἐξ
424 519 522 588 αὑτῶν
544 520 631 609 φύσιν
653 522 822 608 φῖιείροντα
843 522 877 588 τὸ
894 521 1016 608 συνεχὲς
1031 520 1089 589 οὐκ
1103 524 1182 608 ἰ’σχει
1197 529 1320 592 παῦλαν

191 649 251 692 sua
272 628 416 711 ipsorum
438 630 565 689 natura.
610 624 793 689 Insolenter
816 625 914 688 etiam
937 624 1059 689 dictum
1082 631 1131 690 est
1159 629 1196 689 Θ.
1221 629 1273 691 29.
1299 631 1319 689 7

190 727 247 816 τῆν
269 729 306 794 ἐκ
327 726 437 793 τούτου
458 725 567 811 πράξιν
589 726 686 791 huius
709 727 769 790 viri
791 726 923 791 factum.

277 831 514 913 Praeterquam
529 833 637 893 autem
652 828 740 912 quod
755 828 911 912 Polybius
935 829 971 893 ἐκ
986 849 1083 913 saepe
1098 833 1244 912 genetivo
1260 829 1319 893 ad-

189 933 303 1015 iungit,
321 931 378 996 ubi
392 953 450 996 nos
463 951 502 995 ex
516 931 704 995 Atticorum
722 951 784 995 usu
799 930 931 1013 nudum,
954 935 992 996 ut
1005 932 1052 996 ita
1067 931 1183 1013 dicam,
1207 952 1321 996 casum

191 1039 428 1118 exspectamus:
445 1032 499 1097 ille
511 1032 573 1097 hac
580 1032 963 1116 praepositionelibenter
970 1033 1081 1115 utitur,
1091 1039 1127 1098 ut
1138 1033 1319 1097 locutiones

190 1137 307 1201 formet
336 1134 556 1217 adverbiales,
591 1155 631 1198 ex
660 1157 796 1218 quarum
829 1135 968 1200 maximo
999 1157 1131 1200 numero
1161 1136 1313 1220 scriptori

191 1239 419 1304 usitatissimas
436 1238 556 1320 eligere
570 1237 649 1302 mihi
664 1238 698 1301 in
713 1236 820 1301 animo
839 1241 898 1301 est.
944 1237 1091 1301 Primum
1106 1257 1320 1301 commemoro

194 1343 231 1408 ἐκ
245 1340 355 1426 χειρός,
372 1339 462 1405 ouius
478 1340 666 1422 temporalis
682 1338 876 1421 significatio
893 1338 1095 1421 „evestigio
1113 1337 1245 1402 statim“
1261 1359 1320 1420 op-

191 1445 269 1508 time
292 1442 396 1506 elucet
418 1445 456 1508 Ε.
480 1446 573 1506 41.7
604 1444 650 1506 δεῖ
679 1438 721 1526 μῆ
753 1441 881 1524 μέλλειν,
912 1435 978 1504 ἀλλ’
1007 1440 1044 1504 ἐκ
1065 1437 1165 1524 χειρὸς
1187 1439 1321 1522 ἔχεσῖναι

193 1549 252 1610 τῶν
274 1545 476 1629 προκειμένων
497 1565 562 1608 non
585 1547 633 1607 est
655 1540 887 1620 cunctandum,
910 1539 968 1604 sed
991 1540 1159 1605 confestim
1180 1539 1223 1604 ad
1244 1560 1319 1622 pro·

195 1647 339 1730 positum
369 1645 624 1728 aggrediendum
654 1646 705 1707 62.
730 1647 748 1705 7
778 1665 793 1718 ς
823 1645 852 1706 8.
875 1645 910 1721 2;
939 1648 975 1706 Α.
1008 1645 1058 1708 76,
1083 1646 1117 1722 8;
1148 1645 1175 1706 Β
1208 1643 1259 1706 30.
1283 1644 1319 1721 6;

193 1749 266 1813 aliis
288 1747 368 1812 locis
391 1746 505 1812 localis
528 1747 619 1810 notio
641 1745 726 1810 inest
748 1765 788 1826 „e
809 1744 966 1828 proximo,
990 1743 1156 1808 cominus“
1180 1747 1212 1806 Δ.
1229 1746 1281 1806 58.
1299 1747 1319 1806 7

191 1855 257 1936 τῆς.
273 1852 452 1934 συμπλοκῆς
481 1848 517 1912 ἐκ
545 1869 644 1932 χειρος
673 1845 728 1911 καὶ
755 1847 827 1911 κατ’
851 1843 950 1930 ἄνδρα
971 1846 1142 1931 γινομέυῃς;
1172 1865 1320 1908 nonnun-

193 1973 289 2034 quam
316 1949 486 2033 significat,
518 1949 606 2032 quod
635 1951 669 2013 in
697 1969 775 2013 voce
797 1953 952 2031 ‚‚aperte“
982 1949 1078 2012 inest:
1110 1951 1147 2013 Θ.
1171 1951 1201 2010 4.
1224 1949 1244 2010 6
1267 1945 1321 2012 διὰ

191 2059 249 2140 τῆς
271 2055 307 2118 ἐκ
328 2051 429 2138 χειρὸς
458 2051 530 2132 βίας
551 2056 688 2134 „aperta
710 2051 763 2114 vi“
791 2050 826 2113 id
856 2049 943 2132 quod
973 2049 1094 2133 optime
1124 2069 1322 2132 cognoscere

192 2157 318 2220 licetlex
333 2155 480 2239 opposito
493 2155 604 2218 statim
616 2158 783 2235 sequente:
806 2153 963 2236 λαβραίαν
979 2150 1183 2237 ποιησάμενος
1197 2149 1254 2236 τῆν
1269 2173 1322 2216 πο-

195 2259 299 2342 ρείαν;Ι
314 2257 430 2321 deinde
452 2261 544 2320 notes
567 2256 603 2320 ἐκ
625 2253 717 2331 ποδός
739 2275 777 2336 „e
799 2256 956 2338 vestigio“
979 2259 1014 2319 B.
1032 2257 1083 2318 68.
1101 2256 1134 2333 9;
1157 2257 1193 2318 Γ.
1211 2256 1261 2316 68.
1283 2256 1320 2332 2;

194 2363 232 2424 Ε.
249 2364 299 2423 47.
316 2365 352 2434 7;
373 2362 427 2438 74.
445 2361 479 2437 1;
502 2362 549 2421 ΙΔ.
566 2361 595 2422 8.
614 2361 670 2436 13;
694 2359 749 2420 ΙΗ.
770 2361 799 2420 7.
816 2360 835 2420 2
855 2378 924 2439 sq..
949 2357 985 2421 ἐκ
1001 2357 1155 2440 παρέργων
1171 2355 1321 2436 „obiter“

193 2465 232 2525 Γ.
259 2465 310 2526 58.
342 2465 375 2541 3;
405 2467 436 2524 Δ.
467 2464 518 2524 51.
548 2463 568 2523 2
600 2459 713 2523 eadem
743 2459 995 2541 significatione,
1026 2479 1092 2540 qua
1122 2459 1152 2522 ἐν
1181 2457 1323 2542 παρέργῳ

193 2568 231 2628 Γ.
255 2567 306 2627 77.
328 2567 362 2642 5;
391 2567 428 2626 o.
451 2566 481 2626 4.
507 2567 522 2624 1
548 2562 584 2626 ἐκ
605 2563 808 2646 παραδρομῆς
829 2561 863 2624 in
887 2562 1026 2625 transitu
1049 2563 1116 2624 KA.
1141 2563 1191 2624 34.
1218 2563 1233 2622 1
1264 2557 1322 2622 καὶ

194 2661 251 2731 οὐκ
274 2663 360 2744 ἄξιός
389 2665 470 2730 ἐστιν
502 2664 538 2728 ἐκ
568 2665 771 2747 παραδρομῆς
801 2657 882 2727 ἀλλὰ
904 2664 970 2746 μετ’
1003 2659 1189 2737 ἐπιστάσεως
1218 2667 1322 2744 τυχεῖν
1381 2668 1385 2677 “

192 2773 261 2854 τῆς.
279 2806 316 2815 -
348 2765 481 2852 μνῆμῃς.
526 2764 559 2844 ἐξ
589 2763 785 2847 ἐπιστάσεως,
815 2765 906 2828 cuius
936 2765 1026 2828 notio
1056 2764 1161 2826 elucet
1191 2783 1230 2826 ex
1259 2762 1323 2826 hoc

195 2871 341 2954 exemplo
363 2873 401 2933 Γ.
425 2872 475 2932 58.
500 2871 519 2931 3
551 2867 656 2952 βητέον
685 2867 720 2930 δέ
740 2890 769 2932 τι
792 2865 867 2952 πρὸς
897 2863 1009 2942 αὐτοὺς
1031 2861 1088 2930 οὐκ
1111 2866 1147 2930 ἐκ
1169 2865 1321 2948 παρέργου

194 3013 234 3019 -
251 2970 318 3038 ἀλλ’
335 2971 368 3050 ἐξ
384 2968 572 3044 ἐπιστάσεως
587 2990 659 3033 cum
676 2989 763 3050 cura,
780 2969 961 3052 diligenter.
993 2967 1026 3048 ἐξ
1041 2967 1150 3054 ἐφόδου
1166 2967 1321 3050 „impetm

194 3075 297 3157 primo
310 3074 454 3157 impetu“
478 3073 646 3150 Λ.24.10;
670 3072 785 3149 76.10;
798 3077 830 3134 Δ.
844 3074 895 3135 61.
909 3073 944 3150 3;
968 3073 1018 3134 71.
1032 3075 1065 3150 5;
1090 3073 1189 3149 73.2;
1214 3073 1251 3133 Ε.
1267 3071 1320 3132 48.

196 3179 249 3255 12;
276 3178 405 3253 48.14;
429 3177 480 3237 52.
496 3177 530 3252 2;
553 3174 604 3237 70.
628 3173 665 3251 9;
690 3174 740 3235 73.
764 3175 798 3251 5;
822 3175 873 3236 86.
897 3176 932 3252 8;
956 3175 1007 3236 94.
1030 3176 1049 3235 5
1073 3193 1141 3254 sq..
1164 3171 1201 3236 ἐκ
1222 3193 1321 3254 παρα-

194 3275 312 3356 τάξεως
335 3276 442 3358 „iusto
465 3274 609 3358 proeliot‘
632 3277 668 3336 B.
691 3276 742 3336 21.
766 3277 799 3352 5;
825 3274 874 3336 19.
901 3276 937 3336 11
962 3273 998 3337 ἐκ
1020 3271 1222 3357 παρατάξεως
1245 3294 1321 3354 κρα-

193 3378 347 3465 τῆσαντες
369 3375 468 3443 αὐτῶν
490 3375 562 3453 τοὺς
584 3376 639 3460 μὲν
661 3374 821 3451 πλείστους
844 3370 1041 3455 ἀπέκτειναν;
1064 3377 1168 3459 magis
1184 3379 1323 3458 apparet

194 3479 273 3562 quid
287 3479 368 3543 haec
384 3479 484 3543 dictio
507 3478 570 3542 sibi
592 3477 669 3542 velit
691 3497 731 3540 ex
752 3479 804 3540 51.
827 3479 846 3540 3
869 3483 898 3540 οῖ
919 3476 1059 3561 δἈχαιοί
1081 3476 1115 3543 τὸ
1135 3475 1190 3562 μὲν
1204 3481 1322 3562 πρῶτον

192 3578 423 3668 ῆλαττώλῆσαν
451 3578 518 3664 περὶ
539 3577 575 3643 τ“ο
597 3577 732 3644 Λύκαιον
755 3579 984 3664 συμπλακέντες
1012 3577 1098 3644 κατὰ
1126 3578 1250 3662 πορείαν
1278 3583 1328 3664 τῷ,

194 3685 377 3770 Κλεομένει,
406 3680 443 3747 τὸ
465 3679 499 3746 δὲ
520 3678 658 3765 δεότερον
680 3680 717 3745 ἐκ
738 3704 769 3745 π.
792 3678 981 3767 perlapsus
1003 3681 1034 3745 ἐν
1055 3688 1120 3758 τοῖς
1141 3679 1323 3753 Λαδοκείοις

195 3789 246 3850 70.
263 3789 282 3850 6
297 3807 366 3868 sq..
383 3783 415 3863 ἐξ
432 3779 625 3869 ὑποστροφῆς
640 3784 870 3863 „conversione
882 3781 991 3846 facta“
1006 3785 1041 3845 Β.
1055 3785 1106 3847 25.
1120 3785 1155 3862 3;
1170 3786 1209 3846 Γ.
1223 3785 1273 3845 14.
1285 3785 1321 3859 5;

196 3893 228 3950 Δ.
253 3889 304 3951 43.
327 3891 362 3966 5;
385 3889 436 3950 68.
459 3890 495 3965 4;
518 3889 557 3949 Ε.
581 3887 631 3947 48.
655 3887 689 3963 2;
715 3886 786 3948 103.
809 3887 829 3947 2
852 3905 921 3966 sq..
945 3883 981 3947 ἐκ
997 3887 1172 3969 μεταβολῆς
1188 3883 1323 3947 denotat

197 4009 371 4069 „converso
394 3986 555 4070 agmine“,
578 3984 635 4050 ubi
657 4005 762 4050 sermo
786 3991 834 4049 est
855 3985 895 4048 de
918 3985 1185 4049 exercitualia.
1208 3989 1228 4049 5
1251 4007 1321 4068 προ-

196 4095 270 4176 ῆγον
287 4091 323 4156 ἐκ
338 4093 516 4176 μεταβολῆς
533 4084 572 4164 ὡς
595 4088 640 4152 ἐπ’
662 4084 831 4172 Ὀλυμπίας
853 4093 888 4149 Α.
904 4089 954 4149 19.
966 4089 1001 4164 4;
1025 4090 1075 4149 76.
1091 4091 1123 4150 7:
1147 4090 1185 4150 Γ.
1202 4089 1320 4166 69.13;

1445 4320 1462 4456 l
