2960 4516
1271 181 1289 250 7

187 413 248 480 De
275 412 654 492 praepositionibus
680 415 919 496 Polybianis
946 417 990 484 in
1016 419 1273 488 uuiversum.

252 590 299 655 Ut
321 590 354 653 in
377 589 597 654 describendis
620 589 745 654 rebus
768 591 816 656 ita
837 593 871 656 in
893 593 1065 658 dicendi
1085 617 1202 677 genere
1226 597 1290 661 Po-

167 693 289 778 lybium
303 691 385 756 nihil
401 691 467 756 fere
488 692 587 776 tacite
609 693 708 775 loqui,
731 715 841 761 verum
864 696 972 760 omnia
998 695 1048 760 vel
1069 697 1231 761 levissima
1253 721 1291 763 ac

168 793 430 860 manifestissima
465 797 616 858 accurate
650 801 682 858 et
715 795 818 860 stoica
848 795 990 878 quadam
1019 798 1114 879 quasi
1144 799 1291 864 siccitate

167 917 327 978 exponere
349 897 377 960 si
398 896 596 978 cognoveris,
619 896 709 962 illum
726 898 822 962 etiam
838 899 872 962 in
893 899 1291 984 praepositionibus

166 998 359 1064 adhibendis
381 999 519 1064 maxime
541 999 715 1082 prodigum
738 1000 845 1080 l'uisse,
869 1020 927 1081 per
949 1021 983 1064 se
1005 999 1066 1066 tibi
1087 1000 1122 1064 in
1151 1008 1291 1068 mentem

166 1102 281 1166 veniet.
325 1101 371 1166 Et
391 1094 538 1184 profecto
562 1103 619 1184 qui
642 1102 710 1166 eius
732 1101 833 1166 libros
856 1101 962 1166 obiter
977 1103 1202 1168 tantummode
1218 1126 1289 1188 per-

167 1204 312 1285 currerit,
325 1224 396 1268 eum
406 1203 653 1268 statimillarum
661 1201 1133 1287 megnaoffendetfrequentia3
1151 1205 1292 1270 inveniet

167 1306 250 1370 enim
274 1305 302 1368 si
325 1325 435 1369 omnes
457 1305 576 1388 prioris
600 1305 717 1369 aetatis
741 1305 913 1388 scriptores
944 1327 1015 1370 cum
1037 1306 1175 1389 Polybio
1206 1329 1290 1371 com·

166 1405 344 1490 paraverit:
374 1405 430 1488 qui
452 1405 502 1470 vel
524 1405 611 1470 ullo
633 1411 730 1488 pacto
761 1406 828 1470 eius
858 1407 1132 1490 praepositionum
1163 1409 1290 1491 copiam

166 1513 358 1591 assequatur
380 1528 549 1572 occurrere
574 1509 783 1574 neminem.
827 1508 1110 1574 Evidentiusboc
1139 1510 1290 1593 elucebit,

166 1611 194 1674 si
216 1610 328 1676 eodem
351 1611 474 1694 spatio,
497 1632 561 1693 quo
584 1609 773 1675 Herodotus
802 1611 955 1676 trecentis
984 1613 1290 1696 praepositionibus,

166 1713 318 1778 trecentis
348 1712 583 1796 quinquaginta
604 1711 810 1796 Thucydides
837 1717 965 1795 utatur,
999 1713 1176 1800 Polybium
1198 1717 1289 1800 quin·

165 1820 279 1898 gentas
301 1835 458 1898 usurpare
478 1813 706 1897 indicavero.¹)

252 1917 344 2002 Quae
375 1918 410 1982 in
441 1917 625 1984 universum
658 1917 753 1984 huius
781 1919 984 2001 frequentiae
1014 1939 1113 1984 causa
1141 1921 1197 2001 sit,
1227 1921 1291 1988 iam

166 2019 247 2099 dixi3
280 2041 365 2086 nunc
394 2019 435 2083 de
465 2019 599 2102 singulis
627 2019 802 2085 videamus.
852 2020 999 2086 Primum
1029 2021 1114 2088 cuim
1143 2020 1178 2086 id
1210 2023 1290 2088 mihi
1333 2059 1335 2063 ν

165 2142 323 2206 apparere
344 2121 482 2204 videtur,
505 2143 569 2187 non
591 2122 756 2189 minimam
778 2129 905 2208 partem
926 2122 969 2188 ad
994 2122 1076 2188 illud
1106 2125 1289 2208 contulisse,

161 2224 254 2308 quod
275 2226 339 2308 ille,
363 2231 486 2308 quanta
507 2227 554 2290 vis
576 2225 610 2291 in
632 2225 760 2292 casibus
775 2225 975 2312 simplicibus
990 2227 1120 2308 inesset,
1144 2248 1210 2292 non
1224 2229 1290 2293 iam

164 2332 253 2392 recte
273 2328 485 2412 intellegeret.

250 2429 303 2495 Ac
330 2431 468 2514 primum
499 2451 607 2512 casus,
637 2429 775 2496 maxime
797 2431 966 2514 genetivus
989 2438 1022 2497 et
1044 2431 1171 2498 dativus
1200 2431 1290 2498 haud

163 2553 239 2598 raro
261 2532 555 2618 praepositionibus
577 2555 649 2603 cum
671 2533 857 2599 accusativo
880 2535 1059 2600 coniunctis
1089 2535 1289 2603 circumseri·

164 2636 327 2722 bunturfl)
370 2635 448 2702 Huc
470 2636 570 2718 adde,
605 2636 693 2718 quod
714 2655 944 2726 saepenumero
967 2636 1113 2718 casibus,
1142 2637 1289 2720 inprimis

164 2739 311 2821 genetivo
326 2739 582 2822 praepositiones
598 2737 829 2822 adiunguntur,
845 2759 930 2822 quae
942 2739 1086 2823 quamvis
1101 2739 1290 2823 plerumque

164 2837 350 2918 tolerabiles
377 2845 487 2905 tamen
516 2839 557 2904 ab
579 2839 686 2905 Attici
715 2841 871 2905 sermonis
898 2842 1061 2926 elegantia
1082 2840 1288 2907 abhorreant.

250 2941 363 3024 Atque
384 2947 421 3007 ut
443 2941 542 3008 aliam
564 2963 694 3008 causam
709 2942 922 3026 proferamus,
946 2965 1003 3008 cur
1017 2943 1105 3028 apud
1117 2941 1290 3026 Polybium

164 3043 421 3130 praepositiones
428 3044 526 3109 toties
534 3049 718 3110 occurrant:
735 3066 800 3110 non
811 3051 860 3110 est
871 3045 1202 3129 praetermittendum,
1219 3068 1288 3111 sex-

165 3147 285 3212 centies
300 3146 372 3210 illas
387 3144 542 3212 substitui
564 3166 623 3231 pro
647 3143 1002 3230 coniunctionibus,
1025 3152 1288 3231 quaevocantur.

165 3245 248 3314 Cum
270 3249 354 3312 enim
384 3248 603 3330 antiquiorum
635 3253 816 3333 temporum
847 3248 1019 3332 scriptores
1049 3250 1289 3317 coniunctiones

164 3349 208 3414 ad
231 3348 402 3416 enuntiata
423 3349 571 3414 faciliora
592 3349 757 3416 reddenda
778 3355 948 3436 usurpent:
973 3355 1101 3417 tantum
1121 3351 1229 3433 abest,
1251 3357 1290 3416 ut

253 3537 273 3605 ¹)
291 3537 462 3606 Addiderim,
481 3537 633 3592 Diodorum
651 3538 864 3606 quadringentas
881 3539 936 3592 fere
954 3538 1167 3606 praepositiones
1194 3538 1288 3591 eodem

165 3624 396 3693 spatio-viginti
405 3623 512 3693 paginis
521 3622 892 3692 Teubnerianis-adhibere,
902 3625 1039 3691 praeterea
1047 3623 1215 3691 Thucydidis
1225 3621 1289 3675 libri

164 3709 267 3777 octavi,
300 3709 333 3762 de
360 3725 413 3778 quo
440 3709 495 3762 viri
522 3708 596 3762 docti
623 3705 741 3760 multum
769 3705 1005 3776 disceptaverunt,
1039 3709 1153 3762 totidem
1180 3709 1287 3777 paginis

163 3795 298 3849 trecentas
307 3795 388 3848 modo
406 3793 546 3847 contineri.
574 3793 657 3861 Apud
665 3792 875 3860 Xenophontem
893 3809 937 3847 res
954 3795 995 3847 ita
1012 3809 1041 3848 se
1057 3793 1156 3849 habere
1167 3792 1286 3859 videtur,

163 3880 196 3931 ut
211 3879 242 3931 in
259 3877 330 3931 Hell.
348 3878 410 3931 libr.
424 3878 501 3932 1-11
518 3879 689 3945 reperiantur
706 3878 841 3932 trecentae
859 3877 1069 3946 quinquaginta,
1088 3877 1117 3929 in
1135 3876 1205 3930 Hell.
1224 3877 1285 3930 libr.

162 3963 227 4016 inde
245 3963 278 4017 ab
295 3961 340 4016 111
357 3965 385 4015 et
401 3964 431 4015 in
449 3963 535 4017 Anab.
555 3962 687 4016 ducentae
705 3963 842 4030 octoginta
859 3962 922 4014 fere.

250 4046 272 4114 81)
291 4047 332 4101 Ne
349 4049 476 4116 repetitio
493 4048 604 4102 haberet
621 4047 731 4101 molesti
749 4045 862 4116 aliquid,
882 4046 933 4100 hoc
951 4047 1005 4102 iam
1023 4046 1082 4101 loco
1100 4063 1143 4101 res
1162 4045 1286 4115 singulas

162 4133 327 4202 pertractare
346 4135 495 4204 supersedi.
