2960 4516
1234 283 1279 357 17

155 448 195 514 E.
213 450 263 512 14.
285 449 320 527 4;
343 443 384 511 de
405 449 500 511 vento
523 444 658 510 dicitur:
681 452 717 510 A.
741 445 793 510 61.
817 450 835 510 7
859 445 896 512 ἐκ
917 450 1094 534 μεταβολῆς
1113 453 1169 514 τοῦ
1191 445 1279 515 ττνείν

152 571 251 637 ματος
273 545 382 626 αι’ντοῖς
409 545 670 636 συνεργήσαντος
694 547 737 612 ad
758 548 942 613 animorum
971 550 1186 616 mutationem
1206 570 1279 633 per·

153 653 236 718 tinet
257 655 297 718 E.
320 653 362 718 50
385 656 403 716 7
428 649 462 718 αί
483 648 517 716 δὲ
539 650 683 738 δυνάμεις
711 652 748 716 ἐκ
774 652 949 738 μεταβολῆς
971 646 1113 730 εὐνοϊκῶς
1135 654 1280 721 διέκειντο

152 753 226 840 πρὸς
250 754 304 822 τὀν
333 753 431 821 αἴτιον
459 757 518 841 τῆς
547 753 745 839 διορλώσεως.
789 752 888 818 Adde
917 750 951 832 ἐξ
980 753 1102 839 ἑτοίμου
1124 757 1161 821 Β.
1184 759 1235 821 68.
1259 759 1279 820 6

151 855 300 944 καὲιάπερ
322 856 357 924 δὲ
378 857 418 938 ἐξ·
434 857 556 944 ἑτοίμου
580 856 664 944 σρίσι
685 861 744 943 τῆς
765 856 857 943 νίκης
875 851 1071 943 ὑπαρχούσης
1097 878 1193 939 ,,ουιιι
1214 859 1278 924 vic-

150 959 237 1024 toria
264 959 304 1024 iis
335 965 421 1026 esset
449 961 586 1043 parate“
617 961 686 1024 KZ.
716 961 746 1024 7.
779 959 820 1024 10
848 954 1022 1044 βουλόμενοι
1051 954 1123 1036 τοὺς
1151 958 1279 1039 πολλοὺς
1413 1024 1415 1028 .

150 1059 305 1128 διδάσκειν
327 1059 423 1148 μηδὲν
450 1061 484 1141 ἐξ
508 1059 631 1147 ἑτοίμου
652 1067 747 1126 ποιεῖν
762 1055 929 1145 Ῥωμαίοις
958 1064 1142 1144 „prompte,
1172 1061 1278 1146 facile,

150 1161 310 1228 libenter“
326 1164 363 1230 bc
384 1168 526 1250 περιττοῦ
549 1161 752 1247 ‚‚superflue“
775 1165 815 1227 E.
839 1163 890 1226 11.
914 1165 947 1242 4;
972 1165 1010 1226 Θ.
1030 1165 1082 1227 20.
1105 1165 1125 1227 6
1148 1185 1218 1247 sq..
1241 1164 1278 1229 ἐκ

150 1262 281 1342 παντὸς
298 1263 410 1350 τρόπον
443 1285 659 1349 „quocunque
690 1263 809 1330 modo“
843 1267 876 1327 Δ.
910 1265 961 1328 36.
995 1265 1029 1344 2;
1064 1266 1103 1328 Γ.
1138 1267 1209 1330 101.
1244 1267 1277 1345 3;

150 1385 226 1448 pag.
240 1367 333 1432 1385.
350 1369 391 1431 12
407 1374 466 1450 sq.
488 1367 542 1432 Ex
556 1366 705 1433 omnibus
721 1371 831 1431 autem
845 1363 896 1429 his
911 1363 1129 1430 locutionibus
1140 1367 1278 1432 maxime

149 1466 284 1532 adamat
299 1469 440 1553 scriptor
462 1467 495 1548 ἐξ
511 1463 611 1555 ἀρχῆς
633 1468 767 1553 „primo
790 1467 904 1532 initi0“
927 1472 960 1532 Δ.
979 1470 1028 1531 12.
1046 1469 1086 1534 10
1101 1467 1149 1534 ἐπὶ
1170 1475 1229 1557 τῆς
1244 1470 1277 1550 ἐξ

150 1563 250 1656 ἀρχῆς
270 1567 388 1649 τάξεως
410 1571 514 1654 primo
532 1569 645 1636 ordine
668 1571 718 1634 35.
744 1572 761 1634 1
786 1568 814 1635 οί
835 1571 862 1634 δ’
886 1568 919 1649 ἐξ
942 1565 1043 1656 ἀρχῆς
1065 1568 1158 1636 αἴτιοι
1180 1565 1277 1654 primi

149 1675 299 1736 auctores
328 1675 380 1736 45.
403 1675 437 1753 9;
468 1674 519 1738 66.
543 1673 597 1752 10;
627 1675 666 1737 Ε.
693 1674 720 1736 1.
744 1673 778 1752 9;
807 1675 860 1735 55.
882 1673 901 1734 3
932 1668 1018 1736 κατὰ
1041 1670 1099 1758 τὴν
1120 1671 1153 1751 ἐξ
1176 1669 1275 1759 ἀρχῆς

148 1772 312 1858 πρὸοἱιεσιν
333 1795 372 1839 ex
388 1775 491 1860 primo
506 1774 674 1860 proposito
691 1777 741 1839 87.
757 1776 790 1854 8;
816 1776 886 1840 105.
903 1775 942 1854 9;·
959 1775 996 1838 Β.
1013 1776 1064 1838 37.
1080 1776 1115 1855 2;
1138 1777 1177 1840 Γ.
1193 1779 1222 1840 4.
1242 1780 1274 1855 1;

149 1876 262 1940 60.11
287 1897 357 1959 sq..

232 1993 410 2077 Reliquum
438 2001 497 2077 est,
528 2001 564 2060 ut
586 1994 748 2077 adnotem,
779 1995 885 2061 verbis
916 2016 989 2060 oum
1019 1995 1055 2060 ἐκ
1085 1995 1272 2079 compositis

146 2116 380 2179 nonnunquam
394 2096 476 2162 nihil
490 2097 553 2161 nisi
572 2097 665 2180 quasi
688 2097 860 2162 circuitum
881 2096 1002 2179 augeri,
1026 2095 1089 2159 vim
1104 2117 1170 2160 non
1185 2097 1273 2162 item.

146 2196 237 2262 Ante
259 2199 367 2264 omnia
389 2199 590 2265 afferendum
612 2199 741 2265 videtur
762 2198 897 2264 verbum
918 2197 1162 2279 ἐξαποστελλειν,
1185 2198 1274 2282 quod

146 2320 206 2382 pro
235 2294 431 2367 ἀποστέλλειν
460 2321 656 2384 unaquaque
689 2301 758 2366 iere
788 2301 911 2384 pagina
944 2299 1097 2383 legimus;
1131 2301 1274 2366 sufficiat
1381 2309 1386 2318 '

145 2399 231 2482 ideo,
261 2401 433 2467 nonnullos
459 2402 549 2468 locos
578 2423 765 2468 enumerare
804 2409 840 2467 A.
867 2405 916 2467 11.
940 2405 974 2483 3;
1003 2405 1054 2467 21.
1079 2405 1112 2484 6;
1143 2404 1273 2483 37.10;

146 2503 245 2583 38.2;
268 2506 367 2584 40.6;
390 2507 488 2585 52.7;
511 2508 610 2586 53.1;
632 2509 669 2571 Β.
683 2508 759 2587 1.5;
782 2509 859 2586 5.1;
884 2507 960 2584 9.1;
986 2508 1035 2569 12.
1058 2509 1091 2585 4;
1116 2507 1201 2570 12.8
1223 2526 1272 2588 sq.

146 2602 238 2669 Ante
265 2605 441 2690 Polybium
472 2606 537 2673 hoc
567 2608 725 2692 scriptum
758 2629 823 2674 non
852 2606 1007 2671 videmus.
1051 2607 1151 2671 Hanc
1179 2626 1272 2690 prae·

144 2705 340 2788 positionem
360 2708 397 2773 έκ
417 2708 473 2773 ille
495 2709 595 2773 etiam
615 2709 744 2791 retinet,
775 2709 803 2774 si
831 2707 898 2774 alia
919 2707 1055 2791 accedit,
1086 2709 1143 2774 cfr.
1167 2705 1273 2792 προεξ-

146 2808 322 2874 οιποστίλλιυ
350 2811 389 2873 Γ.
418 2812 470 2874 86.
499 2811 533 2890 3;
563 2812 619 2876 ΙΗ.
651 2813 700 2876 19.
723 2814 758 2891 5;
793 2813 861 2876 ΚΘ.
885 2814 957 2877 3.7
990 2810 1271 2890 συνεξαποστέλλειυ

145 2908 263 2974 Addas
286 2909 443 2996 ίξοιπορείυ
458 2912 547 2996 quod
561 2918 658 2978 antea
672 2935 737 2978 non
751 2913 911 2996 reperitur
925 2933 1030 2996 neque
1044 2912 1134 2977 aliud
1147 2912 1271 2978 indicat

144 3010 208 3076 nisi
222 3011 367 3095 simplex,
389 3013 523 3079 named
538 3013 703 3080 notionem
724 3015 861 3080 totius
883 3013 1012 3099 inopiae
1027 3014 1270 3097 exprimendum

143 3112 279 3197 apponit
305 3113 502 3180 locutionem
530 3113 616 3182 κατὰ
645 3112 749 3182 πάντα
776 3114 886 3200 τρόπον
915 3118 954 3179 Γ.
976 3118 1029 3180 48.
1051 3118 1081 3180 4.
1132 3115 1270 3200 Reperio

14 3265 15 3270 .
143 3218 253 3280 autem
274 3214 432 3300 ἐξαπορείυ
453 3223 489 3282 Α.
513 3220 565 3283 62.
589 3220 623 3298 1;
652 3221 691 3283 Γ.
714 3223 766 3284 47.
788 3221 823 3298 9;
851 3223 884 3282 Δ.
907 3220 958 3282 34.
984 3220 1016 3297 1;
1040 3220 1080 3281 Κ.
1105 3220 1155 3282 12.
1177 3222 1198 3283 2
1220 3240 1268 3300 sq.

142 3313 238 3380 Idem
262 3315 350 3382 cadit
370 3317 405 3407 in
426 3316 622 3397 ἐξαδυνατείν
642 3325 679 3383 Α.
701 3323 752 3384 58.
774 3322 805 3400 5,
828 3318 946 3384 etenim
976 3318 1064 3384 notio
1092 3324 1268 3403 „prorsus“

143 3415 319 3484 denotatur
347 3439 406 3504 per
436 3420 562 3497 ἐντελῶς
590 3423 625 3485 Ι.
638 3423 690 3486 30.
713 3423 747 3500 33
778 3418 989 3504 ίξαγοράζειν,
1020 3420 1108 3503 quod
1135 3421 1269 3486 verbnm

140 3518 281 3602 primum
296 3521 385 3604 apud
399 3521 575 3606 Polybium
589 3521 725 3606 legimus
747 3525 787 3588 Γ.
802 3525 853 3586 42.
869 3525 890 3586 2
905 3542 954 3605 sq.
978 3521 1108 3588 exhibet
1122 3521 1176 3588 hic
1189 3544 1268 3591 non-

141 3619 205 3685 nisi
226 3621 412 3688 uberiorum
433 3623 569 3690 formam
592 3645 651 3708 pro
673 3619 834 3710 ἀγοράζειν
857 3645 882 3702 ς.
907 3626 956 3689 17.
979 3627 1000 3689 4
1022 3645 1071 3708 sq.

663 3856 745 3927 Ἀπό.

225 3990 340 4059 Pauca
377 3999 508 4060 tantum
544 3995 585 4062 de
616 3997 858 4082 praepositione
892 3993 952 4064 ἀπὸ
987 3999 1268 4064 commemoranda

137 4093 299 4160 ridentur.
350 4096 498 4163 Primum
527 4098 667 4182 scriptor
696 4099 828 4164 exhibet
855 4098 1048 4180 locutiones,
1077 4099 1135 4164 ubi
1160 4099 1267 4165 Attici

135 4195 316 4280 scriptores
338 4197 444 4264 solum
478 4201 661 4283 genetivum
690 4200 741 4266 vel
769 4201 801 4266 ἐν
829 4221 902 4265 oum
930 4199 1038 4264 dativo
1067 4199 1264 4284 praeferunt,

1075 4300 1093 4356 2
