2960 4516
186 223 234 294 28

184 383 331 468 Eucken,
359 382 657 468 „Beobachtungen
686 382 767 450 iiber
794 384 847 450 die
877 385 1004 452 aristot.
1027 386 1169 470 Praep.“
1197 385 1315 454 Berlin

187 490 280 570 1868,
303 509 334 570 p.
357 487 414 551 62:
437 483 557 551 Zuerst
578 484 731 551 bemerke
752 483 807 551 ich
827 507 938 570 wegen
964 485 1022 553 der
1044 485 1207 572 Stellung,
1236 487 1314 554 dass

185 588 238 654 die
259 587 490 672 Nachsetzung
511 609 573 654 von
595 585 663 673 περὶ
689 586 743 652 bei
773 585 971 653 Aristoteles
1000 587 1055 653 fiir
1086 588 1224 654 veraltet
1252 589 1315 674 gilt

186 729 225 742 -
249 689 591 774 nichtsdestoweniger
605 689 713 754 finden
734 689 793 754 wir
815 711 858 755 an
879 689 958 774 folg.
974 689 1100 758 Stellen
1120 689 1190 777 περὶ
1209 690 1313 756 nach·

185 792 327 876 gestellt:
351 793 566 876 insequuntur
591 793 655 858 tria
686 791 841 876 exempla.
885 790 947 858 Bei
976 790 1183 877 Theophrast
1211 791 1316 858 findet

76 887 78 891 ’
186 892 256 959 sich
277 891 345 978 περὶ
366 893 582 979 nachgestellt
603 892 679 960 hist.
701 893 745 978 pl.
768 893 831 963 VI.
854 896 883 959 3.
907 897 942 974 73
975 913 1062 960 caus.
1084 893 1200 980 p1.·11,
1223 897 1254 960 5.
1277 896 1313 974 2;

185 995 248 1079 vr,
271 998 300 1062 c.
325 997 374 1061 10.

694 1179 801 1246 Κατά.

272 1317 325 1383 De
347 1338 386 1382 ea
408 1338 506 1410 quem
527 1338 614 1383 nunc
638 1322 839 1383 tractaturus
862 1340 935 1384 sum
960 1317 1202 1404 praepositione
1228 1319 1319 1388 κατὰ

188 1439 262 1484 cum
283 1420 468 1485 accusativo
492 1421 664 1485 coniuncta
687 1418 750 1484 duo
772 1421 977 1503 potissimum
997 1425 1074 1486 sunt
1096 1421 1208 1506 digna,
1231 1443 1318 1507 quae

187 1519 392 1586 adnotentur.
444 1520 497 1586 Ao
529 1521 670 1606 primum
699 1541 772 1585 cum
802 1542 904 1604 usque
932 1520 975 1586 ad
1008 1521 1139 1606 Polybii
1167 1529 1319 1608 tempora

188 1621 241 1702 εἰς,
264 1623 304 1707 ἐν,
326 1620 401 1708 πρὸς
421 1624 544 1706 primas
559 1627 597 1687 ut
611 1623 659 1687 ita
674 1621 781 1688 dicam
795 1628 906 1705 partes
923 1623 1060 1708 egerint:
1071 1624 1097 1710 ¹)
1120 1623 1208 1708 apud
1229 1624 1318 1690 hunc

187 1724 328 1808 palmam
364 1724 440 1788 tulit
479 1724 678 1808 praepositio
718 1722 804 1791 κατά
836 1724 880 1790 ad
920 1724 1008 1808 quod
1049 1727 1229 1810 complures
1262 1747 1317 1792 res

187 1827 326 1892 valuisse
366 1826 518 1892 arbitror.
584 1825 667 1893 Oum
710 1827 795 1893 enim
838 1827 872 1892 in
910 1828 1098 1893 univercum
1131 1825 1314 1894 'dicendum

189 1929 248 2011 sit,
283 1950 356 1994 oum
388 1926 475 1995 κατὰ
508 1928 686 2012 quamlibet
726 1927 997 2012 significationem
1028 1928 1162 1994 induere
1193 1934 1318 2014 posset,

188 2029 274 2095 idem
317 2030 360 2096 ad
403 2030 521 2096 multas
557 2051 596 2095 ao
637 2031 744 2096 varias
780 2031 923 2096 rationes
957 2029 1183 2113 exprimendas
1217 2032 1318 2102 fuisse

187 2131 352 2199 idoneum:
375 2134 515 2217 primum
529 2133 717 2216 utsingula
739 2137 915 2198 tractemus
936 2130 1022 2199 κατὰ
1044 2132 1232 2216 saepissime
1252 2153 1315 2216 pro

190 2235 221 2301 ἐν
254 2256 280 2299 o.
301 2233 369 2300 dat.
404 2234 614 2300 substitutum
646 2235 835 2319 reperimus.
890 2233 991 2301 Ouius
1027 2233 1075 2298 rei
1108 2254 1208 2300 causa
1241 2255 1317 2300 cum

190 2336 265 2403 inde
286 2336 463 2423 repetenda
484 2336 564 2401 mihi
578 2336 713 2417 videtur,
738 2335 826 2420 quod
842 2334 970 2401 dativus
996 2373 1031 2385 —
1055 2341 1093 2401 ut
1108 2337 1236 2420 saepius
1251 2337 1320 2401 iam

190 2438 409 2505 demonstravi
431 2477 473 2489 -
495 2441 625 2504 omnino
647 2445 682 2506 ut
704 2438 752 2504 ita
774 2438 880 2504 dicam
909 2437 1050 2521 recedit,
1079 2443 1149 2504 tum
1178 2438 1320 2505 maxime

190 2540 278 2626 quod
300 2540 385 2608 κατὰ
407 2541 554 2606 adhibito
577 2541 686 2606 hiatus
710 2542 858 2606 evitatur.
902 2539 1059 2623 Legimus
1081 2547 1118 2606 A.
1142 2543 1171 2606 6.
1195 2543 1215 2605 3
1246 2542 1319 2612 ,ἐπο-

190 2645 298 2729 λέμουν
334 2643 372 2708 ἐν·
386 2645 461 2720 ’τοῖς
493 2641 567 2730 ἑξῆς
597 2641 715 2728 χρόνοις
747 2641 805 2708 sed
841 2646 871 2707 2.
907 2645 928 2706 2
962 2641 1081 2727 Ποροαί
1112 2640 1199 2709 aurci
1230 2665 1320 2722 τινας

190 2743 316 2832 καιρούς
344 2783 387 2792 -
416 2751 451 2809 Α.
474 2747 570 2809 226
601 2743 634 2810 αἱ
662 2742 807 2830 δυνάμεις
837 2743 869 2809 ἐν
896 2749 961 2822 τοῖς
993 2782 1030 2792 -
1061 2751 1182 2831 καιροῖς
1206 2764 1321 2809 verum

191 2850 241 2912 27.
270 2849 290 2912 6
320 2843 556 2932 στρατηγήματι
582 2843 667 2912 κατὰ
695 2844 748 2912 τὀν
778 2841 882 2930 ἀγῶνα
909 2847 1103 2932 —1E.32.
1129 2847 1170 2912 10
1186 2841 1321 2930 ’rt-pubi·

191 2953 296 3015 κλειαν
323 2948 353 3013 ἐν
381 2946 479 3036 τούτῳ
508 2951 551 3036 τῷ
580 2952 679 3036 καιρῷ
704 2947 761 3012 sed
783 2951 821 3013 E.
847 2949 918 3014 105.
942 2950 961 3012 3
987 2947 1134 3033 perdebat
1158 2944 1245 3012 κατὰ
1266 2943 1322 3012 τὶν

191 3051 291 3137 τρίτον
313 3049 450 3117 ἐνιαυτόν
478 3088 519 3098 -
547 3053 587 3114 Κ.
616 3055 645 3115 7.
670 3053 689 3114 3
711 3049 819 3138 φόνους
850 3051 881 3116 ἐν
907 3057 978 3129 ταῖς
1009 3046 1089 3128 ὁδοῖς
1114 3069 1226 3115 verum
1248 3051 1321 3114 ΚΓ.

193 3157 242 3220 10.
264 3156 284 3217 2
308 3151 474 3239 εἰργάσατο
496 3150 580 3221 κατὰ
604 3150 655 3218 obv
678 3152 740 3234 βίον
771 3153 878 3219 Porro
900 3157 994 3218 notes
1016 3151 1096 3217 haec
1123 3152 1270 3236 exempla
1291 3171 1319 3228 ς.

193 3257 243 3320 11.
266 3258 286 3320 2
307 3249 343 3320 ’τι
365 3255 445 3320 κατ’
470 3253 601 3332 ἐκείνους
622 3251 695 3332 τοὺς
716 3252 871 3338 καιρούς,
893 3253 928 3320 ἐν
950 3244 996 3332 οἷς
1011 3301 1044 3318 ..
1067 3255 1138 3318 ΚΓ.
1162 3256 1212 3318 11.
1237 3257 1323 3319 1--2

279 3491 300 3562 ¹)
319 3491 388 3544 Cum
408 3492 482 3544 enim
503 3491 576 3560 apud
600 3489 770 3545 Herodotum
795 3491 845 3558 εἰς,
871 3491 944 3558 apud
968 3489 1156 3560 Thucydidem
1174 3490 1211 3553 εἰς
1233 3495 1261 3546 et
1285 3490 1322 3558 ἐν,

195 3576 268 3645 apud
287 3577 405 3630 oratores
424 3575 594 3644 Lycurgum,
611 3575 739 3644 Lysiam,
758 3575 955 3646 Antiphontem
974 3575 1018 3645 εἰς,
1036 3577 1110 3645 apud
1126 3577 1276 3631 Isocratem
1294 3579 1324 3630 et

191 3662 302 3740 hereum
319 3661 385 3728 πρός
396 3660 580 3730 praevaleant:
599 3661 672 3728 apud
683 3660 830 3729 Polybium
849 3658 918 3715 κατὰ
935 3663 1099 3730 propendet3
1116 3678 1180 3716 eum
1195 3661 1324 3730 sequitur

192 3746 344 3813 Diodorus3
361 3747 392 3800 in
411 3747 521 3815 seriptis
538 3745 573 3799 N.
584 3747 616 3800 T.
627 3745 749 3801 omnium
761 3749 880 3803 maxime
893 3746 919 3801 ἐν
932 3747 1088 3802 adhibitum
1099 3745 1236 3814 videmus,
1254 3745 1324 3801 adeo

193 3834 225 3886 ut
250 3849 304 3886 non
332 3833 369 3886 eit
396 3831 523 3900 dubium,
556 3832 624 3902 quin
655 3831 707 3886 hoc
736 3834 855 3887 sermoni
881 3833 1016 3888 Hebraico
1042 3831 1249 3886 attribuendum
1275 3831 1322 3886 sit

193 3917 323 3970 Omnium
340 3918 431 3971 autem
450 3917 613 3972 Graecorum
631 3916 843 3988 Demosthenem
860 3916 942 3971 illum
959 3917 1048 3971 fuisse
1069 3917 1201 3971 artificem
1213 3915 1323 3986 elegan-

194 4001 333 4055 tissimum
351 4018 383 4056 ac
401 4001 639 4070 perfectissimum,
657 4017 693 4054 ex
710 4016 741 4054 eo
760 4017 867 4072 quoque
886 4018 1049 4072 cognoscere
1072 4001 1150 4070 lieet,
1175 4001 1249 4070 quod
1272 4000 1325 4058 illa

193 4081 303 4154 cippario
325 4102 394 4156 quae
411 4087 527 4141 vocatur
543 4086 624 4140 etiam
642 4087 672 4139 in
690 4101 745 4140 usu
763 4087 999 4156 praepositionum
1017 4087 1147 4155 cernitur,
1165 4103 1201 4142 ex
1219 4086 1323 4156 quibus

193 4170 270 4226 nulla
286 4172 390 4227 ceteras
407 4187 522 4226 numero
540 4170 620 4226 valde
639 4173 773 4240 superet·
