2960 4516
252 239 301 311 40

249 409 337 471 Α.5.
362 407 379 468 1
407 401 515 470 τίκτει-
539 399 572 469 δὲ
598 405 685 470 κατὰ
708 403 763 491 τὴν
795 400 908 491 ἐνάτην
941 400 997 470 καὶ
1026 403 1168 492 εἰκοστὴν
1201 403 1275 491 πρὸς
1308 411 1383 482 ταῖς

248 505 360 577 ἑκατὸν
393 502 571 592 ὀλυμπιάδα
603 509 640 571 Β.
675 511 726 572 41.
763 511 779 571 1
819 503 971 594 ὀλυμπιὰς
1002 505 1057 592 μὲν
1091 498 1129 594 ἦν
1162 505 1287 594 εἰκοστὴ
1327 509 1384 574 καί

247 608 381 694 τετάρτη
404 608 477 694 πρὸς
498 607 569 686 ταῖς
591 607 707 676 ἑκατόν
731 613 783 675 41.
808 614 846 674 11
870 609 939 696 περὶ
962 608 995 676 δὲ
1016 611 1072 697 τήν
1095 604 1234 698 εἰκοστὴν
1256 608 1312 675 καὶ
1333 633 1382 675 τε·

247 711 365 798 τάρτιγν
383 706 559 797 ὂλυρτιάδα
574 711 647 796 πρὲς
662 718 733 789 ταῖς
755 710 871 778 ἑκατόν
894 715 944 776 71.
968 714 1002 792 6;
1025 715 1063 776 Γ.
1078 715 1148 777 118.
1168 714 1207 778 10
1227 707 1247 800 ἡ
1271 734 1382 778 τεττα-

249 812 387 901 ρακοστή
409 810 483 898 πρὸς
505 819 575 889 ταῖς
597 812 710 879 ἑκατὸν
732 807 899 899 ὂλνμτιάσι
922 816 962 880 Ε.
988 817 1059 878 111.
1083 815 1116 899 9;
1145 816 1212 878 ΚΒ.
1238 817 1265 878 1.
1290 817 1319 898 1;
1350 816 1381 877 2.

250 921 281 999 1;
306 917 376 980 ΚΓ.
400 917 429 980 1.
454 918 488 1000 1;
512 917 576 979 ΛΘ.
603 917 653 979 19.
677 917 713 999 6;
740 934 799 980 nec
829 914 1001 980 dissimiles
1031 921 1106 981 sunt
1127 915 1162 979 hi
1183 914 1246 980 loci
1267 921 1304 980 A.
1329 916 1381 978 37·

249 1021 349 1084 1τῶν
371 1017 429 1101 γάρ
452 1013 606 1103 ἑξήκοντα
628 1013 684 1081 καὶ
717 1014 874 1104 τεττάρων
908 1019 996 1104 πρὸς
1028 1024 1111 1095 ταῖς
1143 1016 1381 1103 τριακοσίαις

247 1115 350 1185 νανοίν
371 1111 565 1204 ὁγδοήκοντα
586 1117 812 1206 μόνονσννέβη
836 1122 1072 1207 περιλειρλήναι
1095 1117 1200 1207 σκάφη
1225 1140 1284 1202 pro
1309 1117 1379 1202 ἑξή-

247 1243 345 1286 κοντα
366 1218 421 1285 καὶ
444 1217 599 1305 τεττάρων
623 1218 678 1286 καὶ
699 1225 885 1305 τριακοσιῶν
906 1225 1001 1302 νεῶν,
1019 1270 1051 1285 ..
1074 1227 1099 1286 Ι.
1119 1223 1207 1286 6.10
1229 1221 1297 1298 ἔτος
1319 1220 1379 1304 γὰρ

248 1324 375 1410 ἕβδομον
397 1323 473 1407 ἔχων
495 1322 567 1407 πρὸς
587 1329 653 1398 τοῖς
685 1319 782 1388 εἴκοσι
808 1343 868 1405 pro
900 1323 969 1400 ἔτος
996 1321 1130 1389 εἰκοστὸν
1162 1321 1218 1388 καὶ
1250 1322 1381 1405 ἕβδομον

248 1430 284 1490 Λ.
307 1427 380 1490 6.6
414 1419 454 1503 ὡς
487 1424 592 1510 σχεδὸν
626 1424 679 1509 ἔτη
722 1423 963 1511 τετταράκοντα
1004 1427 1089 1510 πρὸς
1134 1433 1212 1503 τοῖς
1245 1422 1379 1490 ἑκατὸν

246 1532 437 1612 κεκοινηκώς
459 1523 474 1594 ὃ
497 1530 598 1613 δῆμος
617 1523 783 1612 Ῥωμαίοις
805 1533 864 1594 τῶν
888 1527 1139 1615 ἐπιφανεστάτων
1153 1567 1196 1576 -
1211 1528 1304 1613 ἔργων
1318 1548 1380 1610 pro

245 1629 481 1716 τετταράκοντα
502 1627 558 1694 καὶ
580 1627 725 1694 ἑκατόν..
746 1630 780 1710 .¹)

330 1750 507 1815 Praeterea
528 1749 562 1812 in
584 1748 690 1813 locum
719 1748 821 1814 dativi
852 1771 891 1814 ex
924 1751 997 1835 πρὸς
1028 1749 1199 1833 pendentis
1225 1749 1279 1813 hic
1309 1748 1378 1814 illic

245 1853 466 1919 accusativum
487 1851 630 1933 irrepere
652 1852 796 1934 coepisse
818 1873 882 1916 non
904 1852 1034 1917 videtur
1050 1851 1377 1936 praetermittendum

244 1962 280 2021 Δ.
303 1959 357 2020 26.
378 1957 397 2020 3
419 1953 511 2020 ὅντων
535 1951 569 2018 δὲ
592 1958 649 2019 τῶν
673 1951 727 2038 μὲν
754 1953 828 2038 πρὸς
856 1954 890 2020 τὸ
915 1953 1039 2019 κωλύειν
1074 1959 1135 2020 τῶν
1169 1953 1202 2020 δὲ
1236 1952 1309 2038 πρὸς
1340 1951 1377 2019 τύ

244 2057 423 2143 βιάζεσὶιαις
446 2063 496 2120 It.
519 2058 549 2119 2.
574 2060 592 2118 7
620 2055 753 2144 ἐπείσὶιῃ
779 2056 856 2122 διύτι
884 2059 958 2142 πρὸς
980 2056 1014 2123 τὸ
1040 2061 1191 2124 συντελεῖν
1219 2057 1286 2122 ἐστι
1313 2057 1374 2134 τὰς

243 2159 398 2238 διαλύσεις
428 2155 442 2225 ὃ
471 2157 622 2239 Σκιπίων,
656 2157 713 2222 ubi
746 2158 866 2222 iniuria
899 2158 1044 2241 Scaliger
1077 2178 1214 2242 eumque
1243 2163 1374 2222 secutus

244 2263 443 2330 Hultschius
464 2263 499 2328 τὸ
520 2261 553 2324 in
574 2265 617 2347 τῷ
639 2263 855 2324 mutaverunt.

328 2384 477 2466 Denique
499 2381 673 2462 videamus,
697 2381 776 2463 quid
799 2381 930 2465 Polybii
951 2381 1119 2465 proprium
1142 2382 1184 2445 sit
1207 2381 1240 2444 in
1262 2379 1370 2445 verbis

242 2508 314 2552 cum
336 2486 408 2570 πρὸς
430 2485 627 2568 compositis.
672 2483 814 2548 Maxime
836 2505 876 2548 ne
899 2483 967 2548 hiet
995 2485 1099 2548 oratio
1129 2483 1255 2564 verbis,
1286 2504 1371 2566 quae

241 2590 308 2653 iam
329 2589 570 2672 praepositione
603 2585 651 2652 ἐπὶ
685 2588 903 2668 continentur,
943 2587 1129 2670 saepissime
1161 2585 1234 2671 πρὸς
1257 2585 1371 2650 eadem

242 2690 478 2774 significatione
507 2689 656 2754 indutum
688 2688 863 2772 praecedit.
917 2688 994 2754 Huc
1026 2690 1202 2771 pertinent:
1232 2690 1272 2751 K.
1296 2689 1371 2752 6.4

242 2789 292 2859 άεί
313 2817 349 2858 τι
370 2797 599 2878 προσεπινοῶνς
627 2797 660 2856 Δ.
684 2795 778 2856 842
809 2790 863 2858 καὶ
885 2815 917 2857 τι
945 2799 1139 2877 reponsorium
1174 2796 1211 2857 Γ.
1244 2793 1296 2854 24.
1328 2794 1370 2855 14

241 2893 353 2980 τὰμὲν
369 2893 454 2960 κατά
464 2893 579 2978 Λιβύην
602 2892 658 2958 καὶ
670 2892 819 2978 Σαρδόνα
840 2893 1133 2980 προσετιτεύνονσιν
1149 2891 1370 2978 ἐξιδιαζύμενοί

242 3002 277 3061 Α.
301 3001 352 3062 63.
375 3001 410 3076 2;
434 3003 466 3060 Δ.
491 2999 542 3061 80.
566 2999 585 3060 3
609 2995 637 3061 ol
658 2994 691 3060 δὲ
714 3001 899 3080 Λεπρεᾶται
928 2996 1270 3083 προσετερρώσὲιησαν
1296 3004 1369 3072 ταῖς

240 3094 350 3184 ὁρμαῖς
373 3105 408 3163 Α.
424 3102 475 3162 20.
499 3102 515 3162 1
540 3097 569 3163 οἱ
585 3094 732 3183 Ῥωμαῖοι
755 3098 1073 3184 προοεπισιτισάμενοι
1096 3101 1231 3163 ΚΑ.24.
1250 3101 1290 3163 14
1311 3098 1368 3164 καὶ

155 3215 159 3224 ’
241 3201 457 3284 προσετελεγον
478 3197 535 3266 ἐ’τι.
581 3200 757 3266 Praeterea
786 3206 878 3265 notes
908 3191 1180 3286 προσαναδέγομαι
1209 3204 1247 3265 Ε.
1274 3203 1323 3264 13.
1347 3205 1367 3265 8

241 3302 391 3381 Φίλιππος
420 3299 704 3385 ἐστρατοπεδενκώς
736 3300 805 3387 περὶ
833 3299 889 3388 τὴν
916 3303 1069 3368 Μέταιιαν
1099 3303 1247 3370 ἐνταυίισῖ
1275 3324 1366 3386 προσ-

241 3406 403 3490 ανεδέχετο
425 3402 497 3480 τοὺς
520 3400 581 3470 ἀπὸ
605 3409 663 3490 τῆς
685 3400 842 3489 οὐραγίας.
887 3403 978 3468 Ante
1000 3403 1176 3489 Polybium
1204 3403 1368 3468 exstitisse

240 3529 304 3573 non
326 3507 463 3572 videtur.
508 3506 598 3571 Idem
620 3506 708 3572 cadit
730 3507 763 3570 in
792 3508 1115 3593 προσαναμιμνήσκειν
1143 3509 1180 3570 A.
1203 3509 1254 3570 28.
1279 3509 1298 3570 6
1325 3501 1367 3582 ὡς

239 3603 322 3691 εἶτα,
337 3607 701 3694 τροσαναμιμνήσκοντες
718 3607 808 3693 μόνον
823 3611 874 3671 20.
888 3613 906 3671 7
919 3607 1038 3694 βραχέα
1053 3605 1366 3693 προσαναανήσαντσς

238 3715 278 3778 Ε.
303 3714 375 3776 111.
400 3712 440 3775 10
462 3711 493 3774 ἐν
516 3707 548 3774 δὲ
570 3713 610 3796 τῇ
635 3709 716 3793 μετὰ
738 3715 841 3776 ταῦτα
864 3708 971 3798 βύβλῳ,
999 3711 1118 3796 βραχέα
1148 3709 1365 3796 κροσαναμνή-

240 3835 348 3891 σαντες
373 3816 432 3899 τῆς
462 3816 720 3898 προκατασκενῆς
736 3861 743 3876 .
762 3860 794 3876 ..
827 3811 982 3898 ἐπάνιμεν.
1034 3812 1104 3878 Neo
1134 3809 1365 3898 τροσαναταύω

238 3921 344 3981 exstat
365 3915 399 3979 in
421 3913 514 3980 libris
537 3913 675 3998 Polybio
698 3914 938 3997 antiquioribus
960 3917 1025 3978 ΛΘ.
1049 3917 1079 3980 2.
1105 3918 1121 3978 1
1145 3919 1205 3980 τῶν
1228 3909 1364 3999 ἀρχαίων

122 4014 124 4022 ’
238 4018 433 4104 συγγραφέων
473 4016 501 4083 οἱ
539 4016 717 4101 λογιώτατοι
751 4016 875 4084 δοκοῦσι’
895 4039 947 4103 μοι
969 4019 1296 4104 τροσαναιτεπαύσλαι
1320 4022 1365 4102 τῷ

323 4207 345 4276 ³)
363 4206 509 4274 Polybium
528 4205 652 4257 inritatur
669 4203 813 4256 Diodorus
