2960 4516
221 245 268 332 32

217 429 270 494 24.
292 428 312 491 6
335 419 497 510 εδψοχίαις
518 421 757 509 καλοπορείχον.
790 418 907 508 Neque
928 419 991 490 hoc
1012 443 1117 509 neque
1131 431 1347 512 κατεσκαιρείν

219 533 296 593 anta
317 525 491 611 Polybium
514 529 622 590 exstat
643 521 796 611 εὔκαιρεῖν
819 537 852 591 Δ.
876 528 927 592 60.
952 528 993 593 10
1014 533 1212 614 παραλιπεῖν,
1244 524 1348 596 εὐκαι-

219 629 348 717 ροῦντάς
368 653 404 714 γε
425 649 536 694 varum
557 631 609 694 IB.
632 632 662 695 4.
687 631 726 693 13
747 627 813 695 καὶ
833 634 1110 717 κατενκαιρῆσας.
1146 631 1239 696 Idem
1253 637 1347 698 notes
1462 657 1463 676 ν

137 797 140 803 ,
218 735 259 800 da
281 731 453 812 καταξίσςι
482 727 576 811 ἀξίως
598 736 673 816 post
699 736 915 798 consonantes
941 732 1166 799 tantummodo
1192 739 1229 800 A.
1252 737 1303 800 37.
1329 739 1345 799 1

217 837 312 906 είπείν
341 831 434 915 ἀξίως
463 832 619 904 etiamn
644 833 702 900 sed
728 837 769 899 H.
800 838 850 900 12.
876 839 896 899 5
919 838 1043 925 δυνηδῄ
1069 834 1227 915 καταξίως
1252 837 1345 903 είπεῐν

217 973 260 992 ·-
282 941 335 1005 IA.
357 939 388 1001 2.
412 939 431 1001 3
454 936 485 1004 ἐν
512 943 634 1022 καιροῖς
662 931 755 1016 ἀξίως
780 956 893 1002 verum
914 941 951 1004 A.
974 941 1025 1004 88.
1047 942 1068 1004 5
1094 936 1300 1025 τιμωρήσασῖο
1309 961 1346 1003 αι

217 1038 400 1119 καταξίινς.
423 1075 465 1087 -
487 1037 585 1103 Hanc
607 1037 789 1104 uberiorem
811 1038 948 1104 formam
970 1044 1046 1105 ante
1068 1039 1244 1124 Polybium
1265 1060 1345 1106 non-

216 1145 279 1209 nisi
300 1141 388 1228 apud
411 1139 608 1226 Sophoclem
629 1139 879 1206 animadvertes,
887 1142 913 1226 ¹)

298 1255 391 1346 Ἀρχὴ
419 1265 495 1341 post
520 1263 732 1324 consonantes
761 1259 986 1325 tantummodo
1014 1266 1047 1326 Δ.
1071 1263 1121 1328 28.
1145 1264 1165 1325 3
1194 1259 1255 1339 τὰς
1289 1257 1344 1346 μὲν

219 1359 322 1449 ἀρχὰς
342 1364 401 1428 τῶν
427 1361 567 1446 πολέμων
592 1381 704 1427 verum
730 1367 766 1426 A.
790 1365 841 1426 71.
863 1365 885 1427 4
906 1362 1040 1447 πολέμου
1068 1359 1214 1449 καταρχὴ
1241 1399 1284 1408 -
1305 1363 1343 1425 Γ.

220 1468 289 1529 1.1
319 1461 368 1530 δτι
396 1460 452 1549 μ’ἑν
483 1458 586 1548 ἀρχὰς
610 1467 669 1549 τῆς
698 1462 917 1550 πραγματείας
946 1464 1003 1528 sed
1028 1466 1093 1528 AB.
1122 1466 1238 1530 12.10
1264 1459 1343 1549 αὕτη
1464 1493 1465 1504 ’

217 1563 365 1652 καταρχή
395 1563 453 1630 cfr.
481 1569 651 1648 praeterea
678 1566 731 1628 [Α.
755 1565 805 1628 12.
828 1567 848 1629 6
874 1569 915 1650 τῇ
938 1565 1093 1653 ζκαταρχῄ
1121 1571 1177 1632 τοῦ
1206 1564 1342 1632 κινδύνου

216 1670 272 1734 ΙΕ.
295 1670 347 1732 25.
364 1669 404 1731 37
427 1663 448 1752 ἡ
471 1664 619 1752 καταρχὴ
643 1669 696 1732 τοῦ
719 1663 892 1751 κινήματος
913 1669 968 1731 ΙΕ.
985 1669 1070 1732 381
1094 1668 1131 1733 ἐκ
1144 1666 1344 1754 ταοτομοίτον

216 1768 365 1856 καταρχή
389 1771 456 1834 ΚΒ.
480 1772 510 1834 4.
536 1770 577 1833 14
599 1767 714 1852 ἐγίνετο
737 1766 888 1854 καταρχὴΙ
909 1771 1062 1856 διαφορᾶς
1087 1771 1160 1834 ΚΗ.
1185 1771 1213 1834 1.
1238 1773 1255 1833 1
1281 1765 1342 1856 ἤδη

215 1868 389 1958 καταρχήν.
423 1869 599 1937 Nonnullis
620 1869 699 1935 locis
712 1868 870 1956 καταρχή
894 1875 1001 1935 exstat
1023 1870 1121 1936 etiam
1143 1875 1343 1954 postconso·

216 1979 331 2041 nantes
352 1976 389 2040 B.
414 1975 464 2037 12.
486 1977 506 2041 8
527 1975 586 2058 τῆς
608 1971 817 2057 καταρχῆς.8)

208 2157 211 2166 ς
302 2092 382 2158 Alia
403 2090 503 2156 verba
525 2094 588 2154 cito
611 2094 738 2154 tantum
760 2086 928 2175 κατάρχειν
949 2096 989 2156 Β.
1007 2093 1058 2156 46.
1081 2095 1116 2170 4;
1146 2095 1212 2156 ΛΓ.
1237 2093 1287 2156 12.
1308 2095 1342 2172 7;

215 2191 451 2279 καῗησυχοίζειν
486 2195 523 2256 Θ.
554 2195 604 2257 32.
636 2195 657 2256 2
689 2191 829 2274 primum
861 2214 881 2257 a
913 2193 953 2259 P.
987 2193 1170 2259 adhibitum
1201 2195 1343 2277 itemque

215 2295 423 2377 καταξίωσις,
453 2293 639 2378 significans
669 2295 902 2377 „existimatio,
939 2295 1134 2361 admirati0“
1163 2301 1200 2360 A.
1223 2299 1275 2360 78.
1306 2298 1341 2374 1;

215 2403 252 2466 Γ.
274 2399 326 2463 90.
351 2400 405 2477 14;
429 2399 498 2462 ΚΓ.
528 2399 578 2460 11.
602 2395 664 2479 7⁸)
686 2399 871 2482 >rubonibus
900 2399 924 2463 Ι.
954 2401 984 2462 5.
1007 2400 1042 2478 9;
1071 2396 1283 2482 κατελπισμός
1303 2401 1341 2462 Γ.

215 2503 267 2566 82.
291 2504 310 2565 8
333 2499 420 2584 quod
444 2504 520 2564 ante
541 2499 581 2564 P.
603 2519 668 2563 uon
699 2499 862 2583 reperitur
890 2520 961 2582 sqq.
1013 2499 1184 2565 Interdum
1213 2520 1273 2584 pro
1293 2497 1343 2565 bu

215 2601 352 2686 legimus
374 2601 567 2686 particulam
589 2599 706 2668 καλότι
727 2608 760 2666 Δ.
783 2604 834 2666 25.
859 2604 892 2682 3;
916 2605 972 2668 IH.
995 2604 1046 2667 36.
1069 2606 1106 2683 53
1130 2605 1181 2668 38.
1204 2605 1233 2667 6.

300 2720 417 2805 Neque
438 2719 602 2785 assentior
624 2718 805 2802 Kaelkero,
829 2720 885 2803 qui
906 2721 976 2786 loco
999 2724 1065 2785 KB.
1088 2723 1139 2786 20.
1162 2724 1182 2786 8
1208 2718 1265 2786 καί
1285 2743 1342 2787 κα-

214 2821 310 2893 ullos
334 2823 368 2887 in
388 2820 445 2887 καί
466 2819 583 2890 >cubica
604 2825 717 2902 mutet,
762 2821 894 2906 Polybii
917 2823 1002 2887 enim
1023 2821 1122 2888 verba
1144 2827 1220 2888 sunt
1236 2817 1341 2888 Ἀπολ-

213 2922 323 3003 λιινιὰς
345 2961 386 2972 -
409 2921 567 3010 Κνζικηνὴ
590 2912 629 3009 ἧν
650 2922 726 3010 γυνὴ
754 2922 806 2990 διὰ
832 2922 955 3003 πλείους
985 2923 1089 3004 αίτίας
1115 2920 1189 3004 ἀξία
1215 2921 1342 3011 μνήμης

213 3025 270 3094 καί
291 3025 504 3116 παρασημίας.
537 3024 593 3090 καί
624 3023 684 3111 γὰρ
715 3025 764 3093 δτι
797 3025 925 3113 δημότις
957 3022 1142 3114 ὑπάρχουσα
1176 3025 1342 3109 βασίλισσα

213 3129 345 3215 ἑγὲγονει
366 3127 422 3194 καί
435 3125 551 3212 ταύτην
565 3126 727 3214 διεφύλαξε
742 3125 799 3216 τὴν
814 3124 966 3216 ὑπεροχὴν
980 3129 1070 3216 μέχρι
1084 3132 1144 3215 τῆς
1157 3127 1341 3207 τελευταίας

301 3316 322 3384 ¹)
342 3315 421 3382 Quod
438 3314 557 3370 Knelker
569 3331 594 3383 p.
613 3311 665 3368 250
682 3316 783 3382 profert
801 3315 979 3383 „adverbium
997 3315 1148 3386 (καταξίως)
1158 3315 1191 3370 ad
1208 3315 1341 3384 idipsum

214 3404 259 3472 (na
276 3402 335 3457 hiet
346 3403 440 3470 oratic)
458 3399 855 3469 vidatu1·finxissePclybius;
872 3402 945 3456 outa
962 3402 1034 3472 apud
1044 3403 1151 3456 Atticos
1168 3417 1223 3456 non
1240 3402 1341 3469 exstat,

213 3489 371 3557 intorques
389 3485 537 3556 Sophocles
555 3489 583 3540 at
599 3485 746 3554 Euripides
769 3485 904 3540 adiectivo
927 3488 1035 3542 tantum
1052 3485 1176 3551 κατάξιος
1200 3485 1340 3546 interdum

212 3574 347 3628 utuntur“
372 3590 427 3627 non
452 3574 525 3625 recta
550 3588 580 3626 se
597 3571 691 3638 habat,
720 3587 784 3626 nam
802 3571 950 3641 Sophocles
973 3573 1033 3642 ipse
1057 3573 1165 3629 duobus
1182 3571 1251 3626 locis
1270 3585 1341 3640 quos

212 3658 318 3728 reppen'
336 3657 447 3712 exhibet
464 3655 597 3720 καταξίως
615 3655 645 3710 Ο.
664 3656 693 3711 C.
712 3673 738 3708 v.
757 3651 816 3710 911.

365 3741 423 3798 ίιτελ
441 3743 574 3810 δέδρακας
592 3735 653 3796 οὔτε
671 3759 718 3795 σου
736 3741 871 3807 καταξίως

212 3827 356 3967 ρρΕΙσοίι.
374 3845 458 3883 versu
475 3825 528 3882 800
555 3859 584 3867 -
613 3826 718 3896 ἐπείπερ
737 3825 792 3884 οὔτ’
812 3828 882 3897 ἐμοῦ
906 3829 1039 3894 κατσξίοις
1066 3831 1113 3884 cfr.
1132 3826 1338 3883 Schneidewin-

241 3913 311 3968 auok
329 3913 362 3966 V.
384 3913 426 3967 ed.

298 4012 320 4081 ’λ
338 4013 463 4068 Primum
480 4016 554 4084 apud
571 4015 719 4085 Polybium
736 4019 902 4089 usurpatum
921 4033 982 4073 esse
1000 4019 1119 4073 videtur.

298 4114 320 4184 θ)
338 4114 461 4185 Simplex
478 4133 534 4172 vox
551 4113 660 4181 ἀξίωσις
678 4121 814 4188 significat
831 4121 904 4190 apud
921 4120 1069 4189 Polybium
1086 4119 1157 4173 nihil
1180 4117 1256 4173 uliud
1279 4117 1337 4171 nisi

211 4214 304 4266 preces
322 4201 499 4270 postulatum.
546 4225 548 4230 ·
