2960 4516
524 1061 906 1144 Praemittenda.

641 1243 793 1251 m

265 1360 273 1408 1

241 1357 290 1488 §i
312 1445 421 1487 verum
448 1431 508 1504 est,
540 1425 627 1506 quod
653 1447 746 1490 nemo
770 1447 880 1489 eorum
902 1425 1046 1507 quidem,
1076 1427 1132 1507 qui
1154 1426 1274 1510 linguis

153 1525 395 1607 perscrutandis
418 1547 548 1609 operam
570 1527 656 1608 dent,
680 1527 884 1606 dubitaverit,
908 1526 1108 1593 Graecorum
1130 1528 1275 1611 linguam
1364 1513 1367 1520 ’

154 1626 229 1690 inde
251 1626 292 1689 ab
316 1627 417 1690 initiis
439 1649 542 1711 usque
564 1628 607 1693 ad
631 1629 772 1693 exitum
799 1630 1010 1711 pervestigari
1040 1629 1149 1712 magni
1177 1630 1271 1694 inter·

154 1749 223 1792 esse
239 1767 279 1776 -
295 1731 322 1793 si
337 1749 525 1811 persuasum
539 1729 705 1811 habemus,
729 1735 766 1793 ut
781 1731 936 1794 sermonis
951 1730 1058 1796 Attici
1074 1731 1275 1813 elegantiam,

155 1831 389 1913 sinceritatem,
413 1833 654 1915 simplicitatem
683 1835 771 1898 omni
800 1854 840 1898 ex
868 1838 961 1916 parte
990 1839 1077 1897 recte
1106 1834 1278 1898 aestimare

153 1935 326 2016 pessimus,
357 1936 454 1998 etiarn
486 1934 564 2017 quid
593 1941 707 2019 postea
736 1935 792 2000 ille
821 1935 971 2016 evaserit,
1003 1956 1071 2000 esse
1090 1935 1278 2020 intellegen-

154 2035 230 2099 dum
255 2075 289 2082 —
316 2035 455 2118 denique
477 2037 504 2100 si
526 2036 658 2102 dialecti
681 2058 766 2120 quae
787 2034 872 2122 κοινὴ
901 2043 1036 2102 vocatur
1062 2039 1279 2121 cognitionem

154 2138 285 2202 maximi
314 2139 467 2202 momenti
498 2159 566 2202 esse
596 2143 723 2203 constat
753 2138 796 2202 ad
817 2138 912 2203 huius
934 2139 1063 2222 linguae
1084 2139 1279 2224 scriptorum

154 2240 252 2304 verba
275 2240 476 2305 emendanda
499 2262 537 2305 ac
559 2241 761 2306 restituenda
783 2241 922 2324 ideoque
944 2241 987 2305 ad
1009 2260 1061 2305 res
1083 2240 1124 2305 ab
1146 2242 1186 2304 iis
1213 2263 1277 2306 me-

154 2343 276 2407 moriae
297 2342 436 2408 traditas
459 2345 573 2409 melius
596 2343 828 2427 intellegendas
839 2344 865 2429 l)
893 2343 981 2427 quod
1003 2343 1128 2409 nihilo
1152 2345 1278 2409 secius

155 2445 188 2508 in
217 2444 280 2509 hac
309 2443 446 2510 dialecto
479 2467 583 2529 usque
615 2446 658 2510 ad
690 2445 752 2511 hoc
783 2452 910 2531 tempus
943 2447 1095 2528 exiguum
1124 2445 1276 2525 studium,

155 2547 273 2629 exigua
294 2567 392 2632 opera
414 2548 457 2612 sit
479 2549 684 2635 collocata,2)
706 2549 911 2614 vehementer
931 2547 1105 2613 dolendum
1121 2568 1190 2613 esse
1205 2549 1278 2631 quis

155 2654 213 2730 est,
235 2649 291 2732 qui
313 2670 377 2714 non
400 2649 578 2714 concedat?
1234 2737 1236 2740 Ι

240 2751 313 2815 Iam
345 2752 373 2817 si
405 2753 477 2834 quis
510 2753 544 2817 in
576 2753 638 2817 hac
671 2752 810 2818 dialecto
841 2751 1063 2836 cognoscenda
1092 2751 1214 2816 versari
1244 2752 1277 2815 in

154 2854 261 2918 animo
283 2853 385 2918 habet
407 2853 500 2919 facile
529 2854 741 2937 intellegitur,
773 2855 910 2919 multum
939 2853 1108 2935 interesse,
1138 2875 1158 2917 a
1187 2854 1278 2917 cuius

154 2955 358 3037 potissimum
380 2956 545 3039 scriptoris
567 2977 714 3021 sermone
737 2956 919 3022 accuratius
942 2955 1154 3020 examinando
1181 2954 1277 3039 profi·

154 3056 328 3138 ciscamur;
358 3060 475 3124 etenim
499 3061 533 3124 in
553 3059 616 3124 hcc
644 3060 707 3124 nisi
737 3065 822 3124 esset
850 3063 1033 3144 peccatum,
1063 3058 1185 3123 factum
1213 3078 1278 3122 non

155 3163 248 3240 esset,
271 3165 308 3224 ut
329 3180 411 3244 quae
432 3160 497 3226 iam
519 3160 607 3243 apud
629 3160 803 3246 Polybium
830 3161 952 3230 usitata
981 3164 1071 3242 sunt,
1099 3159 1278 3240 Plutarchi,

242 3380 262 3448 ¹)
281 3342 373 3436 liuius
391 3382 502 3437 dialecti
519 3382 615 3436 melior
632 3383 751 3451 cognitio
769 3383 906 3451 praeterea
923 3381 1088 3436 hauddubie
1100 3381 1135 3435 ad
1148 3379 1280 3434 subtilius

154 3463 333 3520 iudicandum
351 3467 506 3536 contulerit,
525 3468 592 3536 quid
610 3468 640 3521 in
658 3468 810 3536 scripturae
828 3483 920 3522 sacrae
937 3466 1017 3523 libris
1036 3466 1147 3521 Graecis
1160 3464 1279 3520 sermoni

155 3549 256 3605 Graeco
273 3551 450 3606 tribuendum
468 3553 506 3607 sit
522 3569 553 3607 ac
572 3553 638 3622 quid
657 3553 776 3606 sermoni
793 3551 936 3607 Hebraico.
1034 3579 1052 3620 .‘

241 3651 262 3722 2)
280 3653 323 3706 llx
342 3654 469 3710 omnibus
487 3655 556 3709 viris
575 3655 663 3709 doctis
682 3655 715 3707 de
733 3653 850 3709 dialecto
867 3655 896 3708 in
914 3654 1081 3708 universum
1095 3653 1196 3722 optime
1220 3651 1277 3704 dis-

155 3740 242 3795 seruit
264 3739 440 3809 Bernhardy,
473 3740 538 3794 hist.
557 3740 610 3794 litt.
629 3741 673 3794 Gr.
692 3741 720 3809 Ι,
745 3738 898 3809 p.421sq.
942 3740 1085 3795 Praeterea
1114 3730 1197 3794 affero
1219 3735 1277 3790 Sal-

154 3823 235 3878 masii
254 3828 390 3879 comment
407 3827 440 3879 de
462 3825 557 3894 lingua
575 3825 754 3880 Hellenistica
771 3825 857 3893 Lugd.
875 3825 906 3879 B.
926 3822 1005 3890 16433
1028 3823 1165 3889 Niebuhr,
1188 3821 1278 3874 hlaine

154 3909 247 3978 philol.
266 3909 402 3964 Schriften
419 3910 457 3978 II,
475 3927 500 3978 p.
521 3907 571 3964 194
589 3927 629 3980 sq.
651 3942 681 3951 -
700 3909 791 3978 Cobet,
811 3911 843 3963 de
862 3910 1018 3965 sinceritate
1036 3909 1125 3976 graeci
1143 3905 1277 3960 sermonis

153 3998 183 4049 in
202 3995 367 4050 Graecorum
386 3997 497 4064 scriptis
515 3997 577 4064 post
594 3995 770 4050 Aristotelem
788 3996 907 4062 graviter
926 3995 1071 4062 depravata
1088 3990 1276 4044 incomment.

153 4080 248 4149 philol.
265 4081 294 4135 11
301 4122 307 4146 ,
326 4083 463 4136 Amsterd.
483 4080 556 4136 1850.
583 4112 615 4121 -
645 4081 673 4137 F.
694 4081 723 4136 G.
743 4082 832 4149 Stura,
859 4080 892 4134 de
920 4079 1034 4134 dialecto
1051 4074 1225 4132 Macedonica
1250 4074 1279 4127 et

154 4165 347 4221 Alexandrina.
383 4167 457 4237 Lips.
476 4163 551 4222 1808.
