2960 4516
202 217 247 286 12

201 384 216 442 1
240 377 452 462 ἐντειλάμενοι
474 378 535 443 σὺν
557 385 655 466 καιρῷ
678 383 716 443 Σ.
740 384 769 443 4.
796 384 835 444 10
862 376 1103 465 ἀποπληροῡται
1125 381 1186 447 σὺν
1208 383 1325 468 χρόνοις

198 483 237 544 Σ.
254 485 283 544 5.
300 484 319 544 6
336 476 470 567 αιἰξηῖιῄ
494 478 555 545 σὺν
577 478 673 567 χρὸνῷ
691 486 738 544 11.
759 485 798 546 10
821 488 955 567 πρᾶγμα
978 482 1039 548 σὺν
1061 489 1157 571 καιρῷ
1170 487 1225 548 IH.
1244 488 1325 550 138

198 579 246 666 μὴ
270 578 331 646 σὺν
352 585 449 668 καιρῷ
473 584 511 645 Σ.
527 585 557 645 2.
583 586 621 645 15
644 581 710 646 καὶ
732 581 794 646 σὺν
817 589 913 670 καιρῷ
938 587 987 648 10.
1009 588 1028 648 5
1051 583 1093 650 τὰ
1121 587 1326 670 προειρημένα
1361 622 1364 626 ·

198 680 259 748 σὺν
281 681 376 768 χρδνῳ
398 686 439 746 Η.
458 686 542 747 135
566 683 679 768 ἐπέσχε
701 683 765 748 σὺν
788 691 893 771 καιρῷ.
931 683 1055 750 Contra
1076 687 1111 750 ἐν
1133 693 1229 774 καιρῷ
1251 694 1326 771 post

198 783 458 869 cssonsonantes
480 784 704 852 tautummodo
728 790 833 849 exstat
854 789 890 851 B.
907 789 957 850 20.
984 790 1024 851 10
1045 786 1103 872 τήν
1125 811 1158 852 τε
1173 791 1326 854 Γαλατῶν

198 884 325 971 τόλμαν
347 887 382 951 ἐν
404 891 501 974 καιρῷ
523 885 796 972 καταπληξάμενοι
827 892 878 952 45.
902 892 922 952 4
948 889 1226 972 καταχωνίσασξναι
1254 891 1325 967 τοὺς

194 984 347 1072 Ἀχαιοὺς
376 990 411 1054 ἐν
440 993 537 1076 καιρῷ
561 991 786 1074 σννεπιῖιέμενοι
801 995 846 1052 e.
871 994 920 1054 12.
946 995 964 1054 3
988 997 1047 1055 eto.
1092 993 1188 1074 Quod
1217 998 1324 1057 autem

197 1097 366 1173 praeterea
394 1097 461 1156 tres
482 1092 570 1155 locos
592 1093 733 1174 repperi,
769 1092 885 1174 quibus
912 1092 964 1158 σὺν
994 1097 1090 1179 καιρῷ
1124 1096 1221 1158 etiam
1250 1101 1325 1177 post

199 1197 460 1257 consonantes
483 1193 630 1276 legimus²
653 1194 768 1276 regula
790 1216 853 1259 uon
875 1195 1074 1278 infringitur:
1099 1201 1136 1261 Θ.
1152 1200 1204 1261 28.
1226 1202 1260 1276 5;
1285 1200 1323 1260 Σ.

198 1299 250 1359 43.
275 1298 308 1374 3;
331 1299 385 1359 ΙΕ.
412 1298 460 1359 16.
474 1291 513 1360 ’4.

283 1396 336 1461 Ne
357 1397 463 1461 hiaret
485 1399 605 1478 orati0,
629 1400 768 1482 scriptor
791 1402 887 1464 etiam
911 1399 961 1464 his
985 1400 1183 1465 dictionibus
1199 1401 1325 1464 videtur

98 1528 101 1534 ·
197 1520 276 1562 usus
310 1520 378 1563 esse
418 1502 454 1562 B.
485 1503 535 1562 24.
567 1504 602 1562 11
643 1499 751 1585 μύριοι
791 1502 851 1568 σὺν
889 1502 1104 1586 ἑξακισχιλίοις
1134 1525 1192 1585 pro
1225 1500 1324 1585 μύριοι

198 1598 253 1664 καὶ
276 1599 309 1678 ἐξ
333 1601 382 1664 vol
405 1599 504 1685 μύριοι
520 1599 718 1686 ἑξακισχίλιοι
742 1609 777 1667 Β.
797 1609 845 1669 10.
867 1610 886 1668 5
908 1603 1043 1690 πεντηρη
1064 1602 1125 1668 σὺν
1141 1600 1244 1679 αὐτοῖς
1259 1611 1324 1680 τοῖς

198 1702 325 1785 ἀνδράσι
347 1703 496 1766 similiter
518 1707 551 1766 A.
575 1707 626 1767 40.
652 1708 691 1767 15
720 1707 818 1789 baptor
846 1705 884 1770 δὲ
915 1705 976 1770 σὺν
1006 1701 1110 1781 αὐτοῖς
1137 1704 1192 1791 μ’ἑν
1217 1701 1324 1782 Ἰνδοῖς

198 1810 232 1867 A.
249 1807 299 1868 81.
317 1807 336 1867 9
360 1800 581 1888 ἀναδέχονται,
606 1803 669 1870 σὺν
692 1811 777 1894 καλῷ
802 1809 954 1892 τιῖιέμενοι
976 1805 1033 1893 την
1047 1807 1192 1894 τοιαύτην
1207 1807 1324 1892 τόλμαν

198 1929 256 1989 pro
280 1908 314 1971 ἐν
336 1910 436 1994 καλῷ;
459 1911 494 1971 Β.
518 1911 568 1972 22.
596 1911 635 1972 10
657 1909 810 1993 πρότερον
833 1911 868 1974 ἐν
890 1915 975 1998 καλῷ
997 1910 1126 1978 ἳνέσῖιαι.

284 2007 366 2073 Cum
389 2009 495 2073 verbis
518 2016 626 2074 auten]
649 2010 701 2076 σὺν
724 2012 824 2075 multo
841 2014 968 2094 saepius
984 2034 1081 2094 quam
1096 2013 1183 2096 apud
1199 2015 1323 2097 priores

201 2110 373 2193 scriptores
414 2113 625 2194 compositum
665 2114 818 2178 videmus.
881 2114 1013 2178 Etenim
1052 2115 1168 2180 omisso
1206 2139 1324 2198 magno

199 2231 310 2276 eorum
334 2235 478 2294 numero,
502 2214 535 2276 in
558 2215 676 2296 quibus
699 2217 779 2280 haec
807 2217 1004 2300 praepositio
1033 2217 1196 2282 notionem
1225 2217 1325 2282 habet

198 2315 361 2397 usitatam,
384 2316 469 2379 inter
491 2337 575 2397 quae
598 2337 635 2380 ea
657 2322 784 2381 tantum
807 2317 918 2399 affero,
941 2317 998 2382 ubi
1020 2316 1073 2382 σὺν
1094 2339 1152 2400 per
1173 2321 1322 2400 pleonas-

197 2437 286 2480 mum
311 2421 349 2480 ut
371 2416 477 2481 dicam
498 2419 641 2500 positum
664 2424 724 2483 est:
756 2422 792 2484 B.
822 2423 851 2483 3.
874 2423 894 2482 5
917 2417 987 2496 τοὺς
1017 2417 1050 2484 δὲ
1076 2419 1181 2503 μετὰ
1211 2417 1324 2484 τούτων

199 2517 298 2595 ἱππεῖς
320 2518 615 2603 συγκινδυνεύοντας
636 2524 673 2586 Β.
689 2523 741 2585 29.
762 2525 781 2585 6
806 2519 883 2605 ἅμα
905 2526 959 2586 τοῦ
981 2522 1095 2597 παντὸς
1119 2521 1323 2603 στρατοπέδου

199 2620 481 2705 συμπαιανίζοντος
502 2624 540 2686 Γ.
565 2625 614 2686 14.
637 2626 657 2686 5
687 2620 765 2706 ἅμα
787 2623 827 2686 δέ
847 2623 1103 2708 σνγχρησαμένον
1125 2627 1168 2709 τῷ
1194 2628 1323 2710 ποταμῷ

198 2728 233 2786 A.
256 2725 308 2786 68.
334 2725 386 2802 12;
421 2726 472 2787 78.
498 2727 553 2803 13;
589 2726 682 2787 312
714 2727 779 2788 ΛΒ.
805 2727 898 2788 109
929 2729 988 2788 eto.
1021 2763 1064 2771 -
1096 2724 1185 2788 haud
1217 2745 1323 2807 pauca

198 2824 385 2907 reperimus,
401 2824 563 2907 inquibus
578 2824 658 2889 haec
673 2824 868 2907 significatio
883 2847 987 2909 paene
1002 2831 1072 2890 tota
1087 2826 1128 2890 sit
1143 2831 1321 2890 attenuata.

199 2925 304 3010 Saepe
326 2925 408 2990 nihil
430 2926 520 2990 aliud
542 2926 605 2990 nisi
627 2931 664 2990 ut
685 2926 732 2990 ita
759 2926 866 2991 dicam
896 2929 1121 2993 circuitum
1150 2927 1323 2992 verborum

199 3027 393 3110 simplicium
415 3027 476 3093 hac
497 3029 738 3112 praepositione
753 3030 866 3112 augeri
882 3052 921 3095 ex
935 3030 986 3095 his
1002 3030 1155 3114 exemplis
1171 3035 1322 3114 apparet:

199 3129 373 3213 oovbeops'u
394 3151 453 3213 pro
476 3131 598 3214 ἓνεωρέω
617 3134 651 3194 A.
676 3135 704 3195 9.
729 3135 762 3211 2;
792 3136 843 3196 23.
869 3136 903 3212 5;
936 3135 985 3197 15.
1009 3137 1042 3212 4;
1074 3136 1123 3197 32.
1147 3135 1181 3211 2;
1212 3135 1263 3196 65.
1287 3137 1321 3212 7;

198 3232 250 3295 68.
273 3233 308 3310 6;
332 3234 382 3295 75.
405 3235 441 3311 8;
464 3235 499 3297 Β.
524 3234 574 3296 27.
598 3235 632 3311 5;
656 3234 706 3296 35.
729 3237 764 3312 4;
788 3235 839 3296 65.
864 3237 917 3314 11;
941 3237 992 3299 66.
1017 3238 1048 3314 1;
1072 3236 1110 3298 Γ.
1136 3236 1241 3313 11.1;
1269 3236 1320 3297 32.

198 3338 233 3413 5;
256 3336 308 3397 54.
330 3336 364 3413 2;
388 3335 438 3398 69.
462 3337 497 3414 5;
521 3337 571 3398 81.
594 3337 630 3414 2;
654 3337 705 3398 82.
728 3337 783 3414 11;
808 3337 879 3400 102.
904 3339 936 3417 1;
960 3341 992 3401 Δ.
1009 3338 1060 3402 20.
1081 3339 1115 3417 3;
1138 3339 1189 3400 57.
1212 3338 1246 3415 3;
1270 3338 1321 3401 70·

200 3439 234 3515 6;
267 3439 306 3500 Ε.
329 3438 359 3500 4.
383 3438 417 3515 2;
447 3439 498 3499 22.
524 3438 578 3517 10;
609 3440 659 3501 68.
685 3440 738 3516 11;
769 3439 820 3501 69.
845 3441 882 3502 11
907 3460 954 3522 sq.
984 3477 1017 3485 -
1041 3436 1232 3522 oorbrdopou
1261 3459 1321 3521 pro

198 3536 336 3622 ιὶιεάομαι
360 3543 396 3602 A.
421 3539 470 3602 13.
496 3539 549 3617 13;
579 3539 630 3602 25.
655 3541 687 3618 1;
716 3541 768 3616 40.
793 3542 826 3618 7;
857 3543 893 3604 Β.
917 3542 968 3604 68.
991 3543 1024 3619 2;
1055 3543 1093 3604 Γ.
1116 3543 1167 3605 51.
1192 3544 1225 3620 1;
1249 3542 1321 3606 110.

199 3643 234 3720 2;
257 3645 289 3703 Δ.
316 3642 364 3703 12.
390 3641 444 3718 11;
468 3641 519 3703 65.
542 3637 578 3718 8;
601 3643 652 3703 54.
677 3643 710 3720 3;
733 3644 787 3705 ΙΕ.
813 3643 863 3705 13.
887 3645 906 3704 7
929 3662 977 3724 sq.
999 3641 1122 3706 referas
1143 3642 1207 3706 huo
1222 3640 1322 3706 etiam

200 3742 333 3808 verbum
355 3745 562 3828 συγχρῆσὶιαι,
585 3741 671 3824 quod
693 3743 833 3826 primum
854 3743 941 3827 apud
963 3742 1137 3826 Polybium
1166 3743 1323 3826 scriptum

200 3843 356 3908 videmus:
380 3849 416 3907 A.
434 3847 462 3908 8.
482 3847 498 3908 1
519 3843 575 3916 ἕως
590 3845 644 3929 μέν
659 3849 840 3930 συνεχρῶντο
855 3851 896 3932 τῇ
912 3841 1144 3932 τῶνῬωμαίων
1159 3845 1323 3934 συμμαχίᾳ

201 3945 353 4030 quamdiu
376 3946 532 4011 societate
547 3946 769 4011 Romanorum
790 3947 974 4012 utebantur.
1008 3951 1045 4011 Β.
1061 3949 1110 4012 39.
1127 3951 1162 4028 4;
1186 3953 1219 4012 A.
1243 3951 1320 4027 6.2;

199 4051 238 4113 E.
262 4050 313 4112 21.
337 4051 371 4128 73
396 4051 447 4113 39.
469 4053 503 4128 43
527 4050 578 4113 69.
602 4050 635 4128 9;
658 4071 683 4126 ς.
707 4050 736 4112 3.
762 4049 815 4127 10;
839 4051 894 4112 IH.
919 4052 969 4114 34.
992 4052 1029 4130 6;
1052 4051 1087 4112 Β.
1112 4051 1163 4113 32.
1187 4053 1205 4113 7
1229 4070 1276 4131 sq.

285 4150 432 4237 Quorum
453 4151 624 4219 verborum
652 4151 811 4236 simplicia
840 4172 913 4216 cum
945 4151 1074 4234 saepius
1103 4151 1323 4218 adhibeantur
1353 4197 1356 4204 ·
