2960 4516
1103 199 1260 268 -43

61 358 65 443 ξ
131 353 220 440 παρὰ
242 363 307 432 τοῖς
329 350 527 433 ἀκοντισταῖς
548 356 647 445 τούτῳ
669 363 711 445 τῷ
733 357 834 446 τρίτῳ
856 357 1017 444 κατελύὲη
1041 359 1260 426 Gaesatarum

20 443 64 555 “¹2:¹¹
132 455 271 523 ferociae
292 458 334 524 ab
356 459 591 525 iaculatoribus
620 461 683 525 hoc
709 461 804 526 modo
833 460 905 527 finis
935 461 1044 528 factus
1070 470 1134 542 est3
1165 471 1258 528 notes
1279 447 1285 458 ¹

42 565 46 600 ²
124 561 230 624 etiarn
251 565 359 638 κακῶς
381 556 505 627 ἀκούειν
529 561 616 646 παρά
637 585 694 628 τινι
716 585 774 647 pro
798 559 855 630 tat
879 587 959 642 τινος
979 567 1017 629 Γ.
1034 567 1085 629 9-1.
1102 568 1121 629 8
1139 564 1259 647 Φάβιος

20 668 46 709 ’1
127 660 165 726 δὲ
186 667 295 740 κακῶς
316 661 372 748 μὲν
394 661 492 751 ἤκουε
514 663 601 748 παρὰ
623 673 688 741 τοῖς
711 669 843 743 πολλοῖς.

20 771 62 863 ”Ι
217 765 337 830 Dativo
360 768 415 831 rei
442 767 578 831 alicuius
612 773 726 831 contra
759 789 920 850 nusquam
950 769 1030 835 hoec
1062 773 1258 854 praepositio

126 868 283 951 apposita
304 873 353 932 est
375 870 437 933 nisi
459 869 547 952 quod
568 890 633 934 uno
655 870 727 934 loco
760 876 795 934 B.
817 875 848 934 5.
882 876 902 935 5
936 871 1012 940 libri
1046 875 1261 956 manuscripti

20 965 44 1010 ³¹·
129 968 287 1049 praebent
309 969 361 1036 τὀν
384 969 470 1054 παρὰ
486 975 526 1058 τῇ
542 971 626 1038 πέλει
643 973 751 1056 ῥέοντα
767 973 915 1059 ποταμόν.
953 974 1045 1059 Quae
1061 978 1258 1041 constructio

20 1075 44 1166 ff
124 1089 327 1153 quamquam
343 1073 432 1156 apud
446 1078 560 1156 poetas
576 1079 609 1139 et
623 1075 879 1158 Xenophontem
895 1075 1068 1158 aliquoties
1084 1077 1259 1142 adhibetur

20 1166 43 1272 ξιτ·
57 1216 59 1233 .
128 1171 239 1236 Anab.
254 1178 281 1239 7.
294 1178 324 1238 2.
341 1178 396 1257 253
409 1178 439 1240 6.
452 1179 525 1240 22·
549 1176 681 1260 Polybii
695 1185 805 1241 tamen
816 1180 925 1261 generi
938 1177 1067 1244 dicendi
1082 1189 1257 1265 repugnat;

20 1279 42 1336 ’.ἒ
127 1276 268 1356 primum
291 1278 374 1342 enim
404 1277 553 1361 offendit,
587 1279 675 1362 quod
704 1281 737 1344 in
767 1281 836 1344 eius
867 1288 1008 1365 quatuor
1041 1283 1258 1348 voluminibus

26 1383 43 1480 fl
124 1379 227 1442 semel
259 1385 388 1445 tanturn
420 1380 501 1445 haec
533 1387 696 1446 structura
731 1383 904 1466 reperitur;
940 1383 1056 1450 deinde
1090 1387 1189 1450 etiam
1218 1387 1258 1450 iis

20 1488 39 1527 ?²'
125 1479 215 1562 loeis,
239 1481 359 1563 quibus
380 1489 506 1548 status
529 1485 647 1567 aliquis
683 1485 872 1567 denotatur,
906 1489 1107 1571 saepissimev
1125 1510 1256 1562 accusa-

32 1591 37 1620 '¹
125 1583 210 1646 tirus
233 1583 342 1649 dativo
364 1575 561 1669 praefertur:
586 1595 708 1669 quanto
725 1589 829 1671 magis
846 1589 906 1653 hoc
923 1589 1003 1670 loco,
1027 1590 1084 1655 ubi
1100 1591 1141 1656 de
1156 1591 1255 1656 verbo

124 1686 275 1751 movendi
291 1709 395 1754 sermo
412 1690 474 1754 est!
509 1691 687 1754 Praeterea
703 1693 907 1756 accusativus
924 1691 973 1756 his
990 1679 1258 1777 exemplis'plane

29 1793 42 1852 i
122 1789 286 1854 similibus
309 1791 505 1856 confulcitur
526 1795 565 1857 H.
590 1796 641 1858 35.
665 1797 684 1857 8
707 1798 761 1859 τοῦ
786 1793 872 1879 παρὰ
889 1795 1114 1881 Λακεδαίμονα
1137 1796 1258 1880 ῥέοντος

32 1916 40 1923 ”
126 1888 260 1976 Εὐρώτα
293 1898 360 1958 ΚΑ.
390 1897 440 1959 26.
466 1899 486 1958 4
516 1893 657 1980 ποταμὸν
686 1895 795 1980 ῥέοντα
829 1896 917 1981 παρὰ
947 1897 1000 1984 τὴν
1032 1898 1116 1963 πόλιν
1149 1899 1258 1982 ῥέοντα

26 1993 57 2060 τὶ·
120 1993 274 2078 ποταμίν.
308 1996 387 2060 Ideo
409 1997 466 2062 illo
489 1999 560 2063 loco
583 2000 769 2081 scripserim
794 1995 844 2064 rio
870 1997 959 2085 παρὰ
977 2000 1032 2087 τὴν
1051 1999 1137 2066 πέλιν
1149 2001 1258 2084 ῥέοντα

124 2099 276 2185 ποταμίν.
321 2100 475 2166 Editores
513 2103 545 2165 in
579 2101 641 2167 hoc
668 2093 738 2168 loco
766 2124 830 2167 non
858 2102 1063 2167 offenderunt
1084 2104 1147 2167 nisi
1170 2103 1258 2184 quod

34 2223 57 2289 η
122 2202 319 2268 Hultschius
332 2205 394 2268 etsi
415 2204 448 2267 in
464 2209 556 2268 textu
572 2205 628 2287 qui
644 2204 764 2269 dicitur
780 2205 927 2270 codicum
943 2205 1113 2270 lectionem
1124 2206 1257 2285 retinet,

53 2304 57 2321 '
120 2309 156 2370 in
179 2307 387 2372 adnotatione
410 2303 485 2390 αρὀς
507 2312 548 2392 τῇ
572 2305 659 2372 πόλει
682 2309 846 2391 proponit.
951 2327 953 2332 ’

53 2400 56 2413 ¹
210 2409 301 2494 Παρὰ
314 2432 386 2475 cum
398 2410 579 2494 accusativo
592 2410 798 2474 coniunctum
810 2410 938 2474 silentio
951 2410 1254 2490 praetermitterem,

21 2559 37 2596 p
120 2514 186 2576 nisi
208 2518 381 2594 propterea
403 2511 437 2575 id
459 2511 666 2576 tractandum
690 2533 758 2576 esse
782 2512 1014 2591 existimarem,
1049 2510 1136 2593 quod
1170 2510 1257 2594 apud

21 2655 37 2698 q
124 2614 299 2697 Polybium
321 2615 354 2677 in
376 2613 478 2678 multo
503 2612 698 2680 crebriorem
714 2635 809 2678 usum
830 2615 918 2677 venit
941 2635 1039 2696 quarn
1061 2613 1149 2697 apud
1174 2614 1256 2676 anti-

119 2718 254 2799 quiores
277 2719 463 2799 scriptores.
508 2716 581 2801 Qua
613 2718 647 2781 in
681 2738 715 2781 re
749 2717 894 2801 proxime
929 2717 970 2781 ab
1003 2716 1065 2781 hoc
1099 2716 1269 2798 scriptore¹

120 2818 217 2882 abest
238 2819 435 2883 Aristoteles
451 2817 509 2884 cfr.
525 2819 660 2884 Eucken
683 2841 714 2902 p.
731 2822 858 2884 59-62
875 2825 907 2883 et
923 2818 988 2882 ind.
1006 2817 1256 2882 Aristotelicum

21 2967 35 3008 q
122 2921 185 2984 sub
209 2921 309 3007 παροὶ.

21 3059 35 3118 ρ
209 3025 263 3088 Ac
285 3025 425 3107 primum
446 3024 583 3088 localem
606 3025 771 3089 notionem
788 3023 1008 3104 „secundum“
1027 3021 1128 3086 habes
1152 3025 1192 3087 H.
1205 3025 1255 3086 35.

31 3149 35 3209 ².
122 3133 158 3212 83
183 3130 250 3191 ΚΑ.
275 3129 326 3191 26.
350 3131 384 3210 43
412 3132 446 3190 Β.
470 3130 521 3191 65.
547 3128 600 3206 10;
630 3132 667 3192 Γ.
692 3129 743 3192 33.
769 3129 821 3210 15;
851 3129 902 3190 41.
926 3129 959 3208 4;
991 3128 1040 3188 11.
1063 3129 1083 3188 5
1106 3146 1153 3207 sq.
1177 3147 1255 3190 non·

27 3272 34 3296 .
122 3250 289 3312 nunquam
327 3226 415 3314 παρὰ
452 3228 578 3311 aliquid
616 3250 715 3312 prope
753 3250 822 3294 rem
855 3229 998 3310 aliquam
1025 3228 1096 3292 fieri
1120 3229 1253 3293 denotat

22 3379 34 3423 :¹
120 3333 223 3398 veluti
245 3333 377 3396 ,1.·38.9
394 3330 504 3415 ῥαδίως
527 3329 560 3395 δὲ
582 3336 635 3396 τοῦ
659 3329 747 3416 παρὰ
761 3330 929 3397 relevem
952 3328 1066 3415 πύργον
1098 3330 1253 3408 πεσόντος.

22 3485 34 3524 p
124 3436 231 3504 Valde
262 3419 371 3517 diligit
392 3433 530 3516 scriptor
553 3433 636 3497 hanc
658 3434 932 3517 praepositionem
954 3431 997 3496 ad
1020 3437 1147 3516 tempus
1172 3433 1255 3497 indi-

22 3563 34 3626 i:
120 3539 274 3619 candum,
297 3539 384 3601 intra
407 3536 495 3618 quod
518 3535 643 3618 aliquid
665 3535 711 3600 fit.
749 3541 786 3601 Γ.
801 3539 851 3600 85.
869 3539 888 3600 8
906 3537 979 3621 παρ’
1004 3532 1098 3602 αὐτὸν
1120 3535 1172 3603 τὸν
1195 3542 1255 3621 τῆς

121 3640 232 3727 μάχης
246 3638 355 3725 καιρὸν
367 3645 402 3704 Α.
416 3642 479 3702 7.4
501 3640 572 3723 παρ’
597 3635 688 3704 αὐτὸν
711 3643 770 3724 τῆς
792 3638 991 3724 παρανομίας
1013 3637 1120 3725 καιρόν
1142 3645 1177 3702 Β.
1191 3642 1219 3703 8.
1235 3643 1253 3702 7

25 3729 34 3811 l
126 3746 199 3828 παρ’
220 3742 295 3828 ’ὅλην
318 3740 375 3828 τὴν
404 3742 595 3826 κοινολογίαν
621 3748 654 3806 Β.
678 3744 730 3805 29.
753 3744 787 3824 23
814 3746 849 3805 B.
873 3743 924 3805 63.
947 3744 967 3805 6
992 3744 1073 3826 παρ’
1096 3739 1170 3828 ἕλην
1198 3740 1269 3828 τὴν·

25 3834 34 3916 3.
128 3845 346 3935 πραγματείαν
369 3846 539 3926 r.1o.1o;
564 3846 1058 3928 u.1o.1o;1.35.2;1<n.3.e;
1082 3847 1146 3908 nn.
1163 3847 1254 3928 s.11;

28 3999 33 4028 ι,
128 3956 164 4017 Β.
177 3953 229 4015 56.
242 3951 275 4030 3;
298 3951 350 4011 56.
363 3951 395 4032 83
419 3949 470 4012 59.
485 3949 525 4012 10
536 3969 585 4030 sq.
625 3946 702 4012 Huc
723 3946 845 4012 referas
860 3947 959 4010 etiam
973 3945 1152 4010 locutiones
1169 3946 1255 4029 apud

129 4051 304 4135 Polybium
326 4051 557 4114 usitatissimas
581 4053 652 4134 παρ’
677 4049 809 4117 ἕκαστον
832 4049 999 4131 „quamvis
1016 4049 1205 4112 occasione“
1221 4055 1254 4112 Δ.

29 4149 30 4156 ¹
126 4159 180 4220 82.
193 4159 212 4218 5
226 4151 495 4239 προσεπιδοικνίων
518 4148 600 4240 αὐτῷ
616 4155 687 4237 παρ’
702 4152 834 4219 ἕκαστον
850 4147 889 4227 ὧς
905 4154 942 4214 Ε.
956 4153 984 4214 4.
1002 4153 1052 4232 11;
1079 4151 1127 4212 11.
1140 4151 1174 4232 2;
1194 4169 1253 4231 pro
