2960 4516
234 257 281 326 22

233 419 290 484 sed
312 421 335 483 l.
363 420 393 482 3.
422 421 442 480 2
469 415 558 500 λόγου
589 417 679 501 μέχρι
708 419 856 501 τελευτῆς
884 453 927 462 —-
957 417 1009 480 lA.
1042 419 1091 480 18.
1123 421 1141 479 7
1169 411 1361 484 ὑπεναντίων

233 521 288 598 ἕως
310 525 367 608 τῆς
388 517 502 596 πόλεως
531 539 642 583 verum
670 521 725 582 IE.
750 523 779 582 7.
804 521 821 581 1
845 519 971 603 μηδέπω
999 518 1087 604 μέχρι
1109 525 1220 601 γετοῦ
1241 525 1293 586 νῦν
1315 559 1362 569 -
1449 537 1450 554 ’

231 627 302 688 ΚΓ.
324 621 480 707 τιμωρίας,
504 621 560 698 ἕως
582 609 616 686 οδ
639 641 749 686 verum
771 623 840 685 KZ.
865 624 893 684 1.
917 624 936 685 9
958 619 1014 685 καὶ
1035 622 1124 707 μέχρι
1139 622 1193 708 μέν
1209 644 1298 700 τινος.
1315 661 1361 670 -

231 729 296 790 ΚΔ.
322 729 371 792 15.
394 721 595 809 3“Ρωμαίων
618 722 674 800 ἕως
696 747 731 807 γε
752 726 806 789 τοῦ
829 727 878 788 νῦν
901 723 958 788 sed
979 727 1039 789 ΛΔ.
1056 725 1086 788 6.
1102 727 1122 789 5
1139 721 1200 790 άπδ
1215 728 1360 812 πορίιμοῦ

231 831 320 914 μέχρι
342 826 506 912 Νάρβωνος
529 864 569 875 -
592 828 652 891 ΛΔ.
669 829 699 890 5.
716 828 736 889 6
759 821 820 892 ἀπό
835 824 988 910 Γαδάρων
1003 825 1060 904 ἕως
1076 824 1231 904 Τανάιδος
1245 847 1362 892 verum

229 932 327 1014 paulo
350 935 425 1015 post
447 934 476 994 5.
500 931 519 993 9
541 927 598 994 καὶ
619 930 708 1014 μέχρι
729 933 789 994 τῶν
810 927 949 1012 περάτων
972 950 1020 1012 sq.
1072 930 1171 1014 Μέχρι
1185 934 1360 1014 praeterea

218 1039 305 1116 ⁴post
327 1036 538 1097 consonantes
561 1031 626 1113 legi
648 1051 707 1114 per
728 1051 762 1095 se
788 1029 996 1096 manifestum
1018 1035 1076 1096 est.
1121 1030 1218 1117 Quod
1248 1035 1358 1096 autem
1450 1015 1451 1034 ¹

230 1157 295 1200 uno
317 1136 389 1200 loco
413 1135 468 1212 ἕως
490 1129 635 1199 vocalem
666 1133 888 1216 subsequitur,
919 1133 1001 1198 nihil
1029 1133 1130 1198 babet
1158 1131 1356 1215 offensionis,

231 1237 383 1320 quoniam
404 1237 490 1301 illius
513 1236 577 1301 loci
600 1235 700 1301 verba
722 1235 748 1302 el
770 1235 814 1323 μὴ
840 1235 896 1314 ἕως
917 1241 971 1303 τοῦ
994 1235 1102 1323 έράδια
1123 1239 1226 1318 λαβεῖν
1248 1239 1287 1300 Γ.
1304 1239 1355 1300 24.

231 1343 269 1403 11
293 1361 358 1404 non
379 1339 510 1422 Polybii
532 1344 608 1403 sunt
630 1339 688 1404 sed
702 1338 745 1403 ad
760 1340 945 1421 pactionem
960 1338 1123 1422 quandam
1134 1339 1357 1404 Romanorum

229 1440 611 1524 Carthaginiensiumque
621 1441 791 1524 pertinent.
804 1480 846 1488 —
857 1441 971 1524 Atque
981 1446 1019 1506 ut
1030 1461 1224 1524 quaeramus
1236 1440 1356 1523 quibus

228 1544 309 1608 locis
343 1545 431 1629 μέχρι
464 1543 648 1626 quibusque
681 1543 788 1628 μέχρις
821 1542 1028 1608 scribendum
1060 1545 1115 1608 sit:
1153 1565 1226 1609 oum
1266 1541 1355 1626 apud

228 1643 361 1710 Atticos
384 1648 473 1732 μέχρι
494 1646 685 1729 plerumque
712 1647 810 1712 etiam
836 1652 912 1711 ante
940 1646 1066 1712 vocales
1095 1645 1293 1710 adhibeatur
1312 1683 1357 1694 -

228 1746 362 1812 Lobeok
384 1747 506 1830 Phryn.
530 1771 560 1832 p.
587 1751 627 1812 14
648 1749 831 1813 Buttmann
853 1747 912 1814 Gr.
935 1771 966 1833 p.
990 1751 1032 1813 94
1053 1749 1129 1814 Raf.
1145 1747 1304 1812 Kuehner
1326 1747 1355 1812 Ι.

228 1871 259 1932 p.
283 1839 344 1913 231
379 1849 467 1931 apud
489 1849 664 1933 Polybium
696 1871 748 1914 res
781 1851 828 1914 ita
859 1871 893 1914 se
923 1849 1040 1932 habet,
1069 1854 1107 1914 ut
1128 1855 1205 1914 ante
1226 1848 1356 1914 vocales

228 1950 335 2036 μέχρις
364 1943 478 2016 exstet.
523 1951 697 2017 Nonnullis
718 1951 800 2017 locis
822 1956 845 2017 1.
869 1956 920 2017 45.
942 1955 962 2016 9
984 1953 1073 2036 μέχρι
1096 1949 1133 2017 ἂν
1155 1955 1207 2016 44.
1223 1954 1251 2016 6’
1266 1951 1356 2036 μέχρι
1452 1991 1453 2022 ι

226 2049 264 2118 dr
285 2055 339 2117 IE.
365 2055 414 2118 18.
438 2056 458 2117 6
480 2053 569 2138 μέχρι
594 2051 641 2136 ἂν,
665 2055 759 2119 litera
781 2076 797 2132 ς
824 2075 845 2118 a
872 2053 1016 2119 librariis
1046 2054 1124 2137 quin
1154 2055 1274 2118 omissa
1296 2054 1349 2136 sit,

226 2153 306 2218 mihi
328 2177 392 2220 non
415 2159 466 2220 est
488 2154 632 2220 dubium.

313 2257 475 2342 Quoniam
508 2257 571 2322 huc
602 2279 705 2341 usque
739 2258 778 2322 de
811 2278 961 2340 numero,
992 2258 1219 2340 collocatione,
1249 2257 1356 2322 forma

226 2357 375 2441 diximus,
408 2381 494 2424 nunc
525 2359 696 2424 nonnullas
725 2359 904 2424 locutiones
927 2359 1194 2426 enumerabimus.
1239 2361 1278 2423 Γ.
1302 2362 1354 2424 52.

226 2464 250 2524 2
269 2462 357 2545 μέχρι
378 2459 459 2538 τινὀς
486 2461 687 2544 aliquamdiu
712 2463 888 2546 eademque
918 2462 1154 2546 significatione
1183 2468 1219 2526 A.
1243 2464 1294 2526 34.
1317 2466 1352 2542 53

225 2566 249 2628 Ι.
274 2567 324 2628 12.
348 2567 367 2628 8
391 2563 446 2641 ἕως
472 2562 553 2642 τινὀς
581 2603 623 2612 -
652 2568 706 2630 ΙΕ.
731 2571 760 2630 7.
785 2570 801 2630 1
830 2566 919 2650 μέχρι
940 2589 975 2649 γε
997 2569 1051 2632 τοῦ
1073 2569 1125 2631 νῦν
1151 2565 1293 2647 itemque
1316 2565 1353 2629 A.

226 2668 308 2730 643
332 2663 387 2743 ἕως
408 2671 461 2732 τοῦ
484 2671 535 2732 νῦν
558 2670 692 2734 Γ.,38.2
710 2706 749 2717 -
764 2675 795 2732 A.
810 2671 861 2732 24.
881 2671 903 2731 4
924 2669 1014 2752 μέχρι
1035 2666 1125 2751 λόγου
1147 2666 1352 2748 verbotenus

224 2789 329 2850 neque
358 2768 537 2852 quidquam
563 2769 653 2834 aliud
682 2768 843 2851 signifieat
871 2771 895 2833 Ι.
918 2771 970 2832 22.
994 2773 1030 2849 7;
1053 2772 1104 2833 24.
1129 2773 1147 2833 7
1177 2767 1233 2846 ἕως
1262 2767 1353 2852 λόγου

225 2907 268 2918 --
289 2874 343 2940 IA.
366 2873 415 2935 15.
441 2874 457 2934 1
482 2870 537 2948 ἕως
563 2876 616 2937 τοῦ
647 2873 784 2936 δυνατοῦ.
841 2869 1032 2936 Sexcenties
1066 2870 1122 2948 ἕως
1155 2891 1228 2934 cum
1259 2890 1353 2954 prae-

224 2973 439 3054 positionibus
469 2975 522 3056 εἰς,
554 2975 612 3057 ἐπί,
647 2972 722 3054 πρὸς
750 2974 971 3056 coniungitur:
1007 2979 1043 3038 A.
1076 2976 1125 3038 11.
1154 2975 1208 3052 14;
1243 2974 1294 3037 19.
1316 2975 1351 3052 4;

225 3077 275 3148 34.
298 3079 332 3156 4;
357 3078 391 3140 Β.
414 3079 464 3140 52.
490 3081 523 3156 7;
547 3081 584 3141 A.
606 3078 658 3140 29.
682 3079 702 3139 2
725 3081 786 3140 otc.

301 3175 387 3263 ’Άχρι
429 3199 500 3242 cum
522 3179 688 3262 'genetivo
730 3177 937 3242 coniunctum
970 3176 1075 3242 tribus
1111 3181 1239 3242 tantum
1271 3176 1351 3242 locis

223 3281 352 3363 repperi
380 3282 432 3343 lA.
457 3281 506 3343 14.
531 3284 549 3342 7
573 3277 646 3364 άχρι
669 3282 848 3344 reinoldo
877 3281 929 3344 ΙΒ.
952 3283 1005 3344 26.
1028 3281 1047 3343 8
1072 3276 1143 3363 ἄχρί
1164 3283 1222 3344 τῶν
1244 3283 1352 3364 ιιιχῶν

223 3385 291 3446 KB.
317 3379 526 3467 17.13άχρι
555 3379 664 3448 τούτου
696 3401 799 3463 usque
828 3380 901 3446 buc.
958 3381 1138 3446 Praeterea
1168 3378 1243 3467 ἄχρι
1277 3379 1353 3467 πρὶς

222 3489 259 3548 Γ.
283 3486 334 3548 37.
357 3488 376 3548 8
400 3482 472 3568 άχρι
493 3482 567 3570 πρός
588 3481 647 3561 τὰς
668 3483 777 3560 δυ’σεις.
801 3521 843 3530 -

687 3677 690 3682 “
734 3667 827 3754 Ἅμα.

305 3788 410 3853 Multo
434 3789 572 3871 saepius
597 3809 695 3870 quam
718 3789 890 3870 quisquam
912 3788 995 3853 alius
1018 3789 1166 3871 scriptor,
1190 3789 1352 3874 Polybius

221 3891 413 3972 particulam
447 3889 517 3975 ἅμα
551 3911 624 3955 cum
658 3890 768 3955 dativo
804 3891 1011 3955 coniunctam
1042 3890 1187 3955 adhibet.
1243 3891 1353 3958 Locos

222 4014 331 4057 omnes
365 4013 553 4058 enumerare
585 3991 718 4074 longum
741 3996 801 4056 est:
836 3991 870 4056 id
902 3997 1045 4072 tantum,
1090 3993 1180 4075 quod
1211 3994 1353 4060 maxime

221 4095 428 4161 memorabile
457 4094 599 4176 videtur,
636 4113 860 4160 commemoro,
919 4094 1068 4159 Primum
1102 4094 1353 4177 significandum

220 4203 307 4281 pute,
351 4218 411 4282 pro
434 4199 557 4263 usitata
579 4196 721 4263 dictione
743 4194 798 4280 ἅμ’
820 4190 923 4282 ἡμέρᾳ
945 4195 996 4260 vel
1019 4193 1090 4281 ἅμα
1110 4201 1151 4283 τῇ
1174 4191 1288 4284 ἡμέρᾳ·
1301 4194 1354 4261 vel
