2960 4516
1248 236 1294 308 11

697 401 773 468 nto.

255 542 327 604 Iam
349 547 386 604 ut
408 539 451 602 ad
484 538 755 620 praepositionem
789 535 842 600 σὺν
875 535 1049 618 veniamne,
1083 537 1223 618 primum
1256 536 1297 600 de

171 646 239 708 eius
263 643 367 707 forma
389 641 558 706 dicendum
581 639 717 722 videtur,
740 661 813 702 eum
835 643 932 702 antea
947 636 1034 720 apud
1051 638 1296 719 antiquiores

170 747 344 828 scriptores
372 743 424 809 σὺν
452 748 491 807 01
518 741 570 820 ξὺν
592 743 625 805 10
648 763 708 804 usu
730 741 829 806 fuisse
852 739 1008 824 constet1)
1030 739 1296 823 —Polybium

170 847 351 931 legentibus
385 845 522 910 10110010
556 841 622 922 ξὺν
653 865 857 925 nusquam
889 862 1072 921 occurrere;
1107 863 1182 906 nam
1215 843 1296 908 illud

170 970 299 1032 quoque
314 945 491 1032 ἀξύμβατον
513 951 566 1011 ΙΕ.
592 951 620 1012 9.
640 951 656 1010 1
673 947 761 1029 quod
778 944 1063 1026 Schweighaeuser
1077 944 1195 1008 retinet
1210 950 1297 1010 recte

113 1085 116 1090 ·
169 1050 364 1115 Hultsehius
387 1071 426 1113 ex
449 1049 579 1132 optimis
602 1048 767 1113 codicibus
789 1047 823 1111 in
845 1042 1022 1131 diciplinam
1043 1046 1189 1110 mutavit.

254 1151 349 1234 Quod
382 1155 491 1214 antem
524 1151 566 1215 ad
600 1171 810 1214 numerum
844 1169 956 1212 eorum
991 1147 1150 1212 locorum.
1169 1148 1296 1237 attinet,

169 1254 286 1336 quibus
310 1251 362 1318 σὺν
383 1254 556 1336 reperitur:
586 1274 660 1316 cum
681 1250 877 1316 Aristoteles
899 1250 961 1314 hoe
983 1251 1182 1316 rarissime
1204 1250 1296 1314 adhi-

168 1355 276 1441 bean)
293 1355 449 1438 Polybius
466 1354 577 1418 eodem
593 1353 689 1418 toties
705 1353 773 1417 1010
789 1353 916 1436 quoties
931 1351 1139 1434 Thucydides
1151 1352 1296 1437 utitur.³)

255 1459 306 1522 De
328 1480 389 1521 usu
412 1457 550 1539 primum
573 1455 803 1536 adnotaverim,
827 1475 899 1518 eum
921 1454 1005 1518 hanc
1021 1455 1292 1537 praepositionem

169 1561 308 1624 maximo
325 1559 431 1623 studio
448 1580 482 1622 00
502 1559 719 1640 applicantem
734 1558 840 1623 facere
856 1557 899 1622 ad
916 1558 1114 1640 pronomina,
1138 1553 1228 1621 cuius
1247 1557 1295 1621 rei

168 1661 268 1726 habes
291 1662 371 1726 haee
386 1662 545 1744 exempla:
571 1666 605 1724 Α.
629 1665 658 1725 4.
683 1665 703 1724 2
725 1659 779 1726 σὺν
801 1660 834 1726 δὲ
856 1660 954 1748 τούτῷ
976 1663 1026 1724 23.
1052 1666 1070 1724 7
1094 1657 1146 1724 σὺν
1169 1652 1220 1735 αἷς
1242 1662 1293 1723 34.

169 1761 263 1827 8011
287 1759 369 1850 αὐτῷ
399 1767 449 1827 61.
476 1767 529 1842 11;
564 1767 614 1828 68.
639 1766 674 1842 3;
706 1766 755 1828 70.
779 1766 813 1844 53
844 1766 894 1828 87.
919 1767 952 1843 33
981 1767 1017 1828 Β.
1041 1767 1092 1827 58.
1117 1767 1150 1844 3;
1184 1764 1234 1824 65.
1257 1764 1293 1841 2;

169 1867 206 1928 Γ.
231 1867 280 1929 30.
304 1869 341 1946 4,
378 1869 429 1928 47.
453 1867 487 1945 9;
526 1867 577 1928 69.
601 1869 633 1944 8;
676 1869 716 1929 Ε.
740 1868 790 1928 32.
814 1868 845 1945 6;
880 1867 920 1930 63
954 1870 988 1946 5;
1022 1868 1149 1945 63.12;
1184 1866 1293 1943 6010

169 1969 297 2046 79.13;
328 1969 378 2030 95.
404 1971 421 2029 7
446 1987 493 2048 sq.
551 1966 622 2031 Nec
657 1967 979 2049 praetermittendum
1009 1972 1058 2032 001
1086 1966 1172 2030 hanc
1199 1985 1291 2048 prae-

168 2069 360 2152 positionem
382 2068 424 2132 ad
446 2067 617 2132 nonnullas
640 2069 830 2150 locutiones,
856 2091 938 2152 quae
960 2067 1084 2151 aliquid
1105 2067 1293 2132 inusitatius

168 2170 326 2252 habeant,
361 2169 547 2234 formandas
581 2169 743 2250 adhiberi;
778 2171 821 2236 ad
853 2172 916 2237 hoc
948 2169 1123 2254 Polybium
1154 2170 1293 2233 maxime

168 2272 297 2336 hiatus
320 2271 493 2335 evitandi
516 2271 623 2336 studio
640 2278 833 2338 commotum
846 2294 923 2355 esse,
947 2271 1222 2338 verisimillimum
1235 2276 1292 2336 est.

169 2372 317 2438 Primum
329 2375 413 2437 enim
424 2395 483 2455 pro
497 2374 638 2438 dictione
650 2375 681 2439 ἐν
696 2380 792 2463 καιρῷ
808 2380 1011 2458 „opportuno
1027 2377 1194 2458 tempore“
1206 2373 1295 2438 haud

169 2477 282 2559 paucis
311 2475 391 2539 locis
414 2476 552 2558 scriptor
574 2476 743 2541 substituit
772 2476 825 2542 σὺν
854 2482 950 2565 κα1ρῷ
978 2481 1013 2542 Β.
1039 2480 1089 2542 38.
1113 2481 1131 2539 7
1154 2473 1239 2552 τινὰς
1262 2473 1295 2540 δέ

169 2577 342 2662 βιασαμένη
367 2575 428 2641 σὺν
451 2581 546 2663 καιρῷ
568 2583 763 2665 παραχρῆμα
785 2578 875 2644 πάλιν
898 2575 1031 2646 sidensis
1053 2578 1191 2662 ἐποίησεν
1214 2573 1295 2664 01·τῄ

168 2677 238 2755 τοὺς
279 2675 539 2762 ἀναγκασῗῖέντας
578 2682 749 2746 000001100
787 2687 894 2746 001010
931 2686 1113 2764 opportuno
1150 2685 1295 2763 tempore

169 2786 299 2845 coactos
321 2783 431 2846 statim
461 2803 570 2846 secum
599 2784 828 2848 reconciliavit.
872 2787 910 2846 Γ.
935 2787 986 2848 92.
1011 2787 1049 2848 11
1073 2785 1295 2867 παρακαλέσας

168 2883 350 2968 >pp-leaena
364 2889 405 2970 τῷ
421 2885 589 2972 προῧυμίᾳ
611 2883 672 2950 σὺν
694 2891 789 2973 καιρῷ
805 2885 885 2971 μετὰ
896 2893 965 2974 ,τῆς
982 2892 1041 2952 τῶν
1056 2885 1154 2952 τόπων
1169 2881 1295 2973 adpetes

170 2983 362 3049 adhortatus
386 3007 439 3050 000
446 3035 454 3068 ,
478 2991 514 3049 ut
537 2993 719 3070 opportuno
742 2994 887 3070 tempore
917 2989 1086 3053 alacritate
1115 2992 1294 3052 uterentur.

169 3090 208 3150 E.
226 3089 296 3150 104.
314 3091 332 3149 7
355 3086 560 3174 ἰ’να-πειραῖῖῷ
585 3087 648 3154 σὺν
671 3096 767 3177 καιρῷ
782 3095 839 3176 τῆς
860 3096 919 3155 τῶν
939 3089 1014 3155 ’ὅλων
1037 3087 1296 3176 ἀντιποιήσασὲἳαι

169 3188 349 3266 δυναστείας
371 3211 412 3254 00
435 3212 509 3272 opp.
532 3196 630 3274 temp.
654 3192 907 3257 dominationem
923 3192 984 3256 sibi
999 3197 1140 3275 pararet.
1177 3190 1296 3256 Cetera

170 3291 316 3374 exempla
338 3291 437 3356 habes
459 3297 494 3355 Α.
518 3296 569 3356 44.
595 3297 611 3356 1
639 3292 883 3378 χρησάμενον-δὲ
913 3292 974 3359 σὺν
1000 3299 1096 3382 καιρῷ
1125 3300 1164 3380 τῆ
1195 3296 1295 3380 τόλμῃ

170 3395 206 3457 B.
218 3395 300 3458 401
324 3415 403 3458 ποτε
426 3393 487 3460 σὺν
510 3399 607 3482 καιρῷ
629 3397 668 3458 Γ.
685 3397 735 3460 30.
759 3399 779 3459 4
800 3391 954 3481 ἠμύνοντο
971 3394 1033 3462 σὺν
1048 3401 1144 3484 καιρῷ
1167 3401 1205 3460 Γ.
1224 3400 1294 3462 108.

257 3596 277 3663 ¹)
298 3599 344 3649 cfr.
363 3593 421 3650 Raf.
440 3596 576 3664 h'uohner,
595 3600 664 3651 ausf.
685 3599 853 3652 01οι0010111
872 3600 920 3652 dor
938 3601 1037 3667 griech.
1057 3601 1175 3668 Spraehe
1194 3617 1219 3667 p.
1238 3600 1259 3652 I.

257 3683 277 3750 ²)
296 3683 352 3735 vid.
371 3681 441 3735 llud.
461 3682 571 3735 Euekon
590 3683 607 3736 1.
618 3700 640 3736 a.
652 3701 676 3750 p.
687 3682 720 3736 29
739 3682 801 3751 „cdv
821 3685 889 3738 fehlt
900 3685 944 3736 bei
956 3685 1117 3739 Aristotcles
1128 3702 1158 3739 00
1168 3685 1295 3738 zicmlich

169 3769 311 3836 [1011011011ιι
339 3771 367 3820 01
384 3785 408 3835 p.
428 3765 462 3820 30
493 3769 582 3834 „auch
600 3771 628 3821 in
648 3771 700 3822 den
723 3770 819 3823 beiden
836 3769 1038 3836 Hauptwerlren
1057 3787 1110 3824 von
1128 3771 1296 3838 Theophrast

169 3869 223 3904 001
249 3869 282 3905 00
310 3852 452 3920 folgenden
479 3853 595 3906 Stellen:
623 3854 686 3907 hist
714 3855 749 3922 pl.
773 3854 822 3906 lX.
851 3851 892 3906 20.
915 3851 945 3919 4;
973 3871 1046 3910 0000.
1069 3856 1105 3923 pl.
1130 3856 1170 3922 H,
1200 3853 1239 3907 17.
1263 3853 1293 3919 8;

169 3937 193 3989 V
220 3935 244 3990 6.
263 3935 306 3991 6.“

195 3977 201 4002 ³
257 4021 279 4090 3)
297 4023 379 4089 Apud
405 4022 608 4089 Thucydidem,
636 4025 660 4076 si
687 4024 714 4076 Τ.
733 4025 885 4081 Mommsen
913 4027 1067 4095 sequimur,
1099 4026 1205 4094 paginis
1233 4041 1291 4078 sex-

171 4107 259 4159 centis
285 4106 402 4174 legimus
429 4107 499 4160 hano
526 4110 753 4175 praepositionem
779 4111 847 4166 locis
874 4113 988 4180 triginta
1015 4113 1117 4178 septem
1139 4111 1185 4163 cfr.
1205 4125 1292 4178 progr.

169 4189 291 4245 8100001.
310 4193 344 4246 ad
362 4191 449 4245 Mocn.
470 4189 544 4260 1874,
563 4210 588 4260 p.
607 4191 630 4246 4.
