2960 4516
199 163 225 235 8
253 225 259 234 .

195 327 250 391 ille
264 326 327 390 hac
341 346 438 408 quam
454 325 694 389 coniunctiones
713 323 869 388 exhibent
883 325 1041 388 facilitate
1063 329 1188 404 utatur,
1212 330 1249 388 ut
1270 324 1319 390 his

195 427 381 513 saepissime
403 426 539 491 abiectis
561 425 818 510 praepositiones
841 447 913 490 oum
935 425 1072 490 articulo
1100 425 1324 508 infinitivoque

195 532 386 612 coniungat3
428 548 511 611 quae
551 533 661 593 tamen
694 533 858 592 structura
890 527 1038 611 plurimis
1070 528 1151 593 locis
1182 529 1321 610 repetita

194 632 372 718 legentium
395 631 520 696 animos
544 628 641 695 facile
663 629 833 712 defatigat.

280 734 352 800 Nec
381 733 471 819 parvi
501 733 656 798 momenti
687 737 736 796 est
764 731 807 796 ad
834 733 1090 816 praepositiones
1113 754 1209 816 saepe
1231 733 1321 798 adhi-

194 837 333 918 bendas,
356 835 445 920 quod
460 835 599 919 scriptor
613 833 769 899 adverbia
792 839 824 898 et
845 834 1007 900 adiectiva
1022 835 1208 920 saepissime
1223 837 1322 902 evitat

194 962 253 1024 pro
287 939 392 1022 iisque
421 959 573 1020 magnam
603 937 696 1020 quasi
726 937 839 1002 silvam
868 937 1066 1002 locutionum
1097 936 1210 1019 offert,
1241 960 1322 1022 quae

195 1040 381 1107 nominibus
405 1061 476 1105 cum
499 1037 796 1122 praepositionibus
819 1039 948 1102 conexis
971 1036 1130 1104 formatae
1153 1044 1236 1104 sunt.

280 1143 452 1228 Quoniam,
476 1163 533 1207 cur
544 1140 701 1224 Polybius
711 1145 762 1205 tot
773 1141 1051 1223 praepositionum
1063 1146 1146 1206 esset
1161 1140 1323 1205 studiosus

196 1245 346 1309 extremis
376 1244 506 1326 quidem
536 1242 628 1308 lineis
658 1242 850 1308 adumbrare
876 1248 1011 1308 conatus
1040 1265 1124 1308 sum:
1166 1265 1251 1309 nunc
1282 1243 1323 1308 de

195 1348 324 1412 illarum
338 1347 424 1411 inter
443 1347 587 1429 singulos
610 1367 704 1410 casus
716 1344 956 1410 distributione
976 1367 1082 1428 pauca
1104 1344 1224 1410 addere
1245 1345 1324 1410 mihi

195 1449 303 1513 liceat.
359 1447 590 1532 Comparemus
630 1447 818 1530 diligentius
858 1447 949 1512 illum
986 1469 1058 1512 cum
1090 1447 1262 1512 Herodoto
1292 1455 1324 1514 et

196 1549 379 1634 Tucydide:
415 1535 480 1614 ia'm
517 1549 810 1614 animadvertemus
839 1549 1002 1614 Herodoti
1034 1572 1202 1616 numerum
1232 1573 1324 1634 prae-

196 1653 393 1738 positionum
415 1675 488 1717 cum
503 1653 650 1735 genetivo
667 1658 699 1716 et
715 1653 898 1717 accusativo
916 1653 1161 1716 coniunctarum
1177 1655 1324 1735 superari

197 1778 217 1821 a
239 1753 440 1839 Thucydide,
464 1753 663 1838 Thucydidis
685 1754 781 1838 longe
804 1754 989 1838 aPolyhio‚
1014 1760 1127 1819 contra
1149 1755 1258 1820 dativo
1281 1757 1323 1821 ab

197 1857 348 1923 omnihus
369 1856 421 1921 his
445 1856 581 1921 eundem
603 1858 672 1922 fere
695 1878 763 1922 esse
785 1858 1011 1943 appositum.¹)
1055 1858 1108 1922 Ex
1134 1857 1197 1922 hac
1226 1859 1326 1940 igitur

197 1960 324 2024 ratione
346 1957 502 2040 efficitur,
533 1964 570 2023 ut
599 1959 795 2042 procedente
817 1963 965 2042 tampore
987 1961 1147 2042 genitivus
1170 1966 1202 2024 et
1231 1983 1325 2026 accu-

199 2062 320 2125 sativus
343 2060 543 2142 acceptiores
565 2060 655 2142 fiant,
679 2061 735 2125 sed
758 2060 887 2124 dativus
910 2066 947 2124 ut
962 2061 1009 2126 ita
1023 2061 1129 2130 dicam
1145 2068 1325 2143 remaneat3

199 2184 272 2227 cum
295 2167 404 2227 autem
426 2162 606 2226 interillos
630 2162 709 2227 duos
732 2183 825 2227 casus
848 2161 929 2227 haee
950 2164 1035 2227 ratio
1065 2164 1259 2248 intercedat,
1288 2170 1326 2228 ut

198 2287 310 2330 rursus
339 2265 543 2330 accusativus
572 2265 668 2347 longe
697 2265 900 2347 multumque
929 2264 1017 2348 apud
1039 2266 1077 2330 P.
1109 2267 1323 2349 propendeat:

199 2390 263 2450 quo
298 2367 498 2446 Graecorum
530 2367 644 2450 lingua
675 2371 800 2450 spectet
807 2416 815 2447 ,
845 2366 887 2431 ed
910 2367 1152 2432 confundendos
1176 2389 1269 2432 casus
1291 2370 1326 2433 in

198 2490 307 2549 unum,
331 2469 560 2550 accusativum,
583 2467 836 2533 luculentissime
859 2469 967 2552 colligi
988 2469 1139 2554 potest.²)

284 2571 336 2635 De
358 2571 634 2655 praepositionum
656 2571 867 2636 collocatione
896 2571 978 2635 nihil
1007 2571 1097 2637 aliud
1125 2571 1326 2638 afferendum

200 2679 279 2758 puto
301 2673 364 2738 nisi
392 2674 625 2759 propriasss)
658 2695 743 2756 quae
771 2678 927 2738 vocantur
955 2674 1044 2738 nullo
1074 2675 1145 2740 loco
1174 2678 1326 2758 postponi

199 2775 336 2858 ideoque
358 2775 497 2859 figuram
520 2776 725 2859 quaedicitur
747 2771 924 2861 ἀναστροφὴ
950 2775 1079 2840 0111111110
1100 2776 1223 2858 evitari,
1247 2777 1327 2858 quin

200 2877 406 2961 improprias
422 2898 487 2958 eas,
511 2898 594 2959 quae
616 2878 723 2961 prius
746 2879 874 2960 saepius
889 2879 1020 2946 nomina
1042 2877 1327 2960 subsequantur

202 2979 289 3064 apud
312 2979 350 3043 P.
374 2979 518 3044 crebrius
541 2985 630 3044 ante
652 2981 783 3045 nomina
805 2979 959 3044 substitui
980 3001 1078 3062 quam
1099 2986 1183 3063 post.

285 3079 418 3163 Restat,
452 3086 489 3146 ut
521 3081 688 3164 adnotem,
721 3083 755 3146 in
787 3081 850 3146 hac
878 3087 949 3146 tota
978 3081 1166 3163 quaestione
1195 3083 1328 3146 maximi

201 3184 355 3247 momenti
370 3203 442 3248 esse
457 3182 604 3249 hiatum
610 3183 650 3269 ,⁴)
667 3183 707 3248 de
722 3206 786 3268 quo
802 3185 836 3274 111Ι
852 3185 1016 3266 singulis
1031 3183 1327 3267 praepositionibus

201 3284 380 3349 tractandis
403 3305 508 3351 sermo
531 3287 602 3367 erit,
626 3286 668 3350 ad
690 3307 772 3368 quas
794 3287 859 3350 iam
880 3286 1056 3350 transimus
1076 3291 1108 3350 et
1122 3287 1170 3350 ita
1185 3286 1326 3369 quidem,

1010 3399 1109 3440 praepos.
1124 3399 1174 3430 cum

948 3465 998 3506 gen.
1051 3455 1096 3496 dat.
1149 3468 1222 3498 accus.

289 3521 309 3590 ¹)
328 3522 431 3576 Iisdem
450 3523 548 3590 spatiis
565 3523 676 3577 exhibet
692 3522 848 3576 Hemdotus
951 3520 986 3575 88
1054 3520 1088 3576 62
1158 3521 1208 3577 154

696 3607 871 3676 Thucydides
934 3605 983 3660 117
1054 3605 1089 3660 62
1158 3605 1208 3662 162

696 3692 830 3761 Polybius
935 3690 984 3746 145
1053 3692 1087 3747 68
1156 3690 1205 3746 301

289 3774 311 3843 1)
337 3775 396 3831 Hoc
413 3776 481 3831 bene
500 3778 617 3847 quadrat
634 3779 668 3833 ad
686 3795 717 3832 ea
735 3793 803 3845 quae
821 3777 912 3846 Tycho
930 3777 1083 3834 Mommsen
1105 3777 1173 3831 dicit
1190 3779 1219 3831 in
1238 3797 1326 3848 progr.

202 3860 324 3915 Francos.
344 3862 378 3915 ad
396 3861 481 3917 Moen.
501 3860 576 3930 1874,
594 3879 620 3930 p.
640 3861 672 3916 15
690 3861 775 3916 0118.

289 3945 311 4013 ³)
330 3948 376 4000 011.
397 3948 429 4002 de
443 3947 606 4003 Graecorum
623 3949 854 4016 praepositionum
872 3947 1048 4002 collocatione
1066 3949 1123 4002 Ral.
1143 3948 1272 4002 Kuchner
1289 3948 1326 4014 H,

288 4115 310 4183 ⁴)
329 4116 532 4186 vid.Benseler,
551 4119 678 4188 debiatu,
696 4118 861 4184 etHultsch,
880 4117 947 4171 iiber
957 4118 1009 4171 den
1018 4117 1119 4173 Hiatus
1131 4119 1175 4172 bei
1184 4117 1326 4186 Polybius.
