2960 4516
1234 180 1279 249 37

159 345 270 432 διδάξῃ
288 345 337 411 ότι
359 345 429 429 (cfr.
452 345 548 429 paulo
571 349 646 427 post
670 347 754 408 123
777 342 832 408 καὶ
847 345 1038 427 διδαχῖιεῖσα
1060 341 1165 423 διότι,
1186 343 1283 425 paulo

158 455 234 513 ante
258 451 308 514 10.
332 451 351 512 3
373 445 449 514 όταν
470 485 514 493 -
535 445 646 532 διδάξῃ
668 467 716 524 τις
739 440 852 524 αύτούς
872 444 935 531 ότι)
959 449 1031 509 ΚΗ.
1048 448 1100 510 20.
1120 447 1140 508 9
1162 447 1284 531 πατέρα

156 549 204 617 ’ότι
226 553 272 615 δεῖ
292 553 397 630 λαβεῖν
419 548 507 613 haud
530 547 628 613 dubie
650 546 885 612 restituendum
907 551 956 611 est
971 545 1059 626 διότι;
1083 546 1199 612 deinde
1213 550 1282 611 ΚΒ.

161 656 210 718 12.
234 655 253 716 3
277 647 483 736 ἀπελογίσατο
507 655 628 737 πρῶτον
651 649 765 737 μὲν...
789 645 858 717 εἶτα
877 649 927 716 ’ότι
947 652 1139 723 mutaverim
1160 650 1194 713 in
1221 648 1281 717 τόδ’

155 756 212 838 ότι,
237 777 309 820 cum
324 748 393 835 εἶτα
408 774 534 838 semper
547 754 615 820 fere
639 779 660 820 α
678 755 806 819 literam
821 753 958 832 abiciat3
982 755 1124 835 itemque
1145 753 1217 817 loco
1239 755 1292 818 H.-

158 861 207 922 13.
231 861 250 922 6
273 856 299 922 εἰ
321 855 365 944 μῆ
388 857 425 944 νῆ
451 857 509 923 Δία
529 855 589 937 ότι,
612 857 639 922 εἰ
661 855 704 944 μῆ
727 855 763 943 νὴ
788 858 831 922 Δι’
853 854 902 922 ότι
923 855 1129 920 scribendum
1154 854 1283 919 videtur

156 982 230 1026 cum
252 984 274 1025 α
296 961 329 1024 in
350 959 409 1026 Δία
435 960 584 1024 omnibus
612 959 678 1024 lere
705 960 786 1025 locis
814 957 963 1023 elidatur.
1015 957 1166 1040 Denique
1194 957 1282 1040 quod

154 1063 291 1146 legimus
324 1065 386 1127 ΛΑ.
417 1064 468 1126 24.
500 1065 517 1125 1
562 1059 676 1128 Κάτων
710 1060 744 1128 δὲ
777 1057 817 1138 ὡς
849 1058 1001 1140 Πολύβιος
1039 1058 1151 1146 ἱστορεῖ
1179 1059 1210 1126 ἐν
1240 1063 1280 1146 τῇ

155 1163 260 1251 πρώτῃ
282 1163 337 1229 καί
358 1168 530 1251 τριακοστῇ
552 1168 611 1229 τῶν
633 1163 778 1250 ἱστοριῶν,
802 1162 995 1248 ἐδυσχέραινε
1016 1160 1072 1227 καὶ
1093 1159 1280 1247 ἐκεκράγει,

153 1264 216 1333 ότι
237 1264 317 1345 τινὲς
338 1264 500 1354 εἰσήγαγον
524 1288 597 1330 cum
619 1265 709 1330 haud
738 1265 836 1329 dubie
861 1265 903 1330 ab
934 1264 1095 1346 eclogario
1125 1265 1281 1348 scriptum

154 1371 210 1452 sit,
240 1374 344 1434 restat
371 1391 455 1434 unus
484 1370 575 1434 locus
606 1373 643 1435 E.
666 1371 717 1433 27.
742 1371 771 1453 6,
801 1367 858 1432 ubi
880 1367 914 1430 in
935 1366 1028 1430 hiatu
1051 1386 1116 1430 non
1138 1364 1280 1431 offendo:

155 1471 181 1537 εἰ
203 1470 237 1536 δέ
259 1469 313 1557 μῆ,
335 1470 383 1538 ότι
405 1477 551 1558 νομιοῦσι.

238 1573 353 1656 Atque
375 1579 412 1639 ut
434 1574 568 1639 alterius
590 1574 718 1657 generis
741 1575 887 1658 exempla
902 1573 1047 1656 afferam,
1071 1573 1189 1657 quibus
1204 1571 1282 1636 δίοτι

155 1676 253 1740 etiam
279 1681 354 1758 post
388 1681 602 1741 consonantes
631 1678 773 1761 positum
802 1683 863 1742 cst:
891 1677 972 1742 haec
1000 1677 1098 1759 elige:
1126 1676 1278 1740 1451
1322 1661 1326 1668 ’

155 1773 380 1862 ἀναγελλόντων
401 1778 478 1844 διότι
499 1782 538 1844 Γ.
562 1782 611 1844 26.
635 1783 655 1844 3
676 1778 797 1857 τούτοις
820 1779 897 1847 διότι
918 1788 951 1845 Δ.
973 1783 1025 1843 24.
1045 1781 1065 1842 2
1088 1783 1280 1844 σονοπονοεῖν

154 1879 230 1947 διότι
251 1885 276 1945 Ι.
299 1885 350 1946 45.
374 1883 394 1945 9
417 1879 491 1966 πρὸς
514 1877 626 1958 αύτούς
648 1879 726 1947 διότι
748 1885 773 1947 Ι.
797 1886 848 1948 46.
872 1887 892 1946 4
913 1881 1003 1966 λόγου
1027 1879 1116 1966 χάριν
1138 1880 1213 1946 διότι
1239 1882 1278 1942 Γ.

155 1985 205 2046 15.
228 1977 430 2068 7Ῥωμαίοις
453 1981 544 2063 διότι;
568 1985 619 2048 98.
643 1987 663 2047 4
684 1983 824 2062 πεισδεὶς
846 1981 907 2070 γὰρ
930 1984 1007 2051 διότι
1029 1987 1093 2051 ΛΑ.
1113 1989 1143 2053 8.
1159 1986 1193 2063 2;
1217 1988 1294 2076 ΛΔ.

153 2086 182 2148 a.
208 2087 262 2164 11;
286 2106 311 2162 ς.
337 2088 365 2149 1.
391 2090 418 2150 1.

658 2202 766 2294 Ἑξῆς.

237 2323 400 2407 Quoniam
415 2324 454 2388 de
466 2325 506 2389 iis
517 2326 810 2410 praepositionibus
822 2327 947 2410 loquor,
965 2346 1135 2409 quaecum
1152 2323 1279 2389 duobus

152 2424 281 2490 casibus
305 2426 557 2508 coniunguntur,
588 2426 651 2492 hoc
673 2429 785 2494 eodem
815 2430 901 2511 loco,
935 2429 1014 2512 quid
1048 2428 1088 2493 de
1120 2425 1280 2510 particula

152 2524 226 2613 ἑξῆς
249 2527 496 2610 significandum
519 2529 574 2611 sit,
602 2550 667 2594 non
690 2531 831 2595 alienum
861 2531 988 2595 videtur
1017 2549 1278 2596 commemorare.

153 2630 346 2713 Saepissime
379 2652 451 2695 cum
481 2630 591 2695 dativo
621 2633 802 2696 conectitur
835 2622 871 2697 B.
896 2637 924 2698 1.
950 2637 982 2720 33
1021 2638 1071 2698 12.
1101 2637 1135 2716 4;
1169 2635 1219 2696 17.
1243 2635 1278 2712 43

152 2736 202 2797 41.
229 2736 281 2818 13;
304 2737 355 2798 57.
378 2737 412 2813 5;
436 2737 474 2798 Γ.
497 2736 526 2796 2.
552 2736 586 2818 3;
610 2737 658 2800 72.
681 2738 715 2815 23
741 2739 811 2800 104.
836 2741 867 2821 7;
892 2739 963 2801 113.
987 2742 1019 2819 73
1044 2737 1173 2815 Δ.1.6;
1200 2738 1227 2798 1.
1244 2736 1277 2816 9;

152 2836 203 2900 60.
226 2837 263 2920 3;
297 2839 336 2900 Ε.
361 2838 412 2899 82.
435 2840 468 2918 4;
504 2839 555 2900 82.
579 2839 614 2919 6;
649 2839 781 2919 82.11;
815 2840 944 2925 99.10;
979 2861 1004 2916 ς.
1027 2842 1078 2903 21.
1104 2843 1137 2923 7;
1171 2840 1223 2900 24.
1243 2838 1277 2918 3;

152 2939 203 3000 31.
225 2930 260 3020 5;
284 2939 335 3002 33.
359 2940 390 3023 3;
413 2940 464 3004 40.
487 2942 523 3022 43
545 2941 596 3003 ΙΒ.
620 2941 672 3002 26.
695 2941 727 3023 3;
751 2943 805 3004 ΙΕ.
829 2942 880 3004 33.
905 2945 937 3005 7.
961 2945 1003 3020 Ιξς.
1030 2943 1079 3006 16.
1106 2945 1137 3024 1;
1168 2941 1219 3003 31.
1243 2940 1277 3020 33

151 3041 207 3102 lH.
231 3043 260 3104 6.
284 3042 316 3123 6;
340 3041 407 3103 ΚΑ.
438 3042 566 3122 10.13;
601 3044 669 3104 KB.
693 3044 723 3105 8.
747 3046 781 3128 4;
817 3045 881 3107 ΚΔ.
908 3046 1035 3123 11.15;
1069 3045 1142 3107 ΚΗ.
1165 3044 1217 3106 20.
1241 3043 1277 3134 83

151 3142 296 3223 genetivo
318 3141 424 3205 rarius
446 3144 632 3226 appositum
654 3143 796 3208 videmus
819 3148 854 3209 B.
880 3149 929 3209 17.
953 3150 985 3225 7;
1010 3153 1042 3210 Δ.
1064 3149 1114 3210 35.
1131 3147 1161 3208 5.
1195 3142 1278 3209 Oum

151 3244 298 3309 omnibus
321 3244 371 3308 his
392 3244 472 3310 locis
496 3245 571 3331 ἑξῆς
593 3251 668 3310 ante
690 3267 807 3312 nomen
830 3253 933 3318 exstet
956 3249 1055 3312 etita
1077 3247 1218 3331 quidem,
1241 3251 1278 3309 ut

152 3365 276 3429 semper
298 3365 479 3411 consonans
501 3347 686 3413 antecedat:
709 3348 767 3413 ubi
789 3350 907 3414 vocalis
929 3349 1104 3433 praecedit,
1126 3349 1173 3413 ibi
1194 3348 1277 3422 hanc

150 3448 347 3530 particulam
375 3449 553 3532 reperimus
581 3451 804 3532 postpositam.
855 3451 935 3517 ΚΑ.
950 3455 998 3518 10.
1024 3454 1148 3515 12-13
1172 3447 1278 3536 ἑδῆουν

150 3547 207 3635 τῆν
222 3588 264 3596 -
278 3550 389 3635 χώραν·
413 3550 487 3638 ἑξῆς
503 3550 536 3616 δὲ
558 3550 678 3629 τούτοις
700 3553 757 3617 sed
778 3556 817 3617 Γ.
833 3557 885 3617 44.
903 3557 941 3616 11
966 3553 1142 3642 συμβουλίᾳ·
1158 3551 1277 3628 τούτοις

150 3652 177 3715 δ’
201 3650 274 3738 ἑξῆς
297 3692 338 3700 -
361 3657 434 3718 ΚΗ.
457 3657 508 3719 20.
532 3658 551 3718 8
574 3652 655 3739 μετὰ
677 3650 730 3720 τόν
751 3693 794 3701 -
815 3655 969 3738 δύνατο),
992 3656 1067 3742 ἑξῆς
1094 3655 1128 3721 δὲ
1156 3653 1277 3732 τούτοις

150 3775 260 3818 verum
289 3758 325 3819 B.
349 3758 399 3820 62.
425 3760 441 3820 1
473 3751 506 3820 ού
536 3755 597 3842 μὴν
628 3752 709 3824 ἀλλὰ
737 3757 858 3838 τούτοις
884 3759 958 3846 ἑξῆς
979 3798 1021 3807 -
1042 3762 1097 3839 ΙΒ.Ι
1117 3761 1168 3824 26.
1192 3759 1275 3820 2-3

150 3851 328 3941 &aspersa
367 3853 465 3944 Ἑξῆς
481 3857 514 3924 δὲ
529 3857 649 3937 τούτοις
671 3881 781 3926 verum
803 3864 842 3926 E.
858 3865 909 3928 82.
928 3865 968 3928 10
989 3864 1098 3949 ἔστῃσε
1106 3866 1134 3946 ¹)
1156 3861 1276 3940 τούτοις

150 3957 176 4022 δ’
200 3957 284 4044 ἑξῆς.
308 3997 349 4007 -
371 3963 407 4024 B.
432 3963 481 4024 17.
506 3964 524 4023 7
548 3959 749 4050 κατῴκησαν,
773 3962 846 4050 ἑξῆς
868 3961 902 4028 δὲ
924 3962 1038 4031 τούτων
1061 3964 1118 4030 sed
1140 3969 1164 4030 Ι.
1188 3969 1274 4031 445

149 4061 242 4145 ψιλοί,
265 4061 380 4127 τούτων
402 4063 429 4127 δ’
453 4061 526 4150 ἑξῆς
548 4085 596 4148 sq.

237 4231 258 4299 ¹)
276 4230 410 4301 Polybius
430 4235 566 4302 quantum
584 4236 675 4305 potest
691 4256 704 4291 ν
722 4234 925 4305 ephelcysticon
950 4237 1022 4307 quod
1044 4239 1158 4293 vocatur
1181 4221 1273 4294 cvitat.
