2960 4516
247 215 296 298 20

244 393 293 454 In.
318 392 368 454 12.
389 393 425 470 4;
447 391 502 455 lE.
526 392 577 456 11.
600 393 636 470 83
659 387 707 471 1ς;
729 391 799 456 ΚΑ.
821 387 852 455 9.
874 389 909 470 1;
934 385 984 455 10.
1008 384 1041 470 83
1065 389 1116 454 32.
1140 387 1177 468 7;
1199 385 1271 452 ΚΕ.
1290 388 1323 452 2.
1339 380 1376 466 83

244 494 314 556 Kc.
337 495 367 556 ι.
390 495 427 573 a;
449 496 514 557 88.
539 495 589 579 rs.
613 494 663 558 10.
1395 573 1397 577 ¹

332 593 385 659 De
407 593 619 660 collocatione
641 593 782 676 denique
797 597 900 676 notes,
924 614 996 658 cum
1009 591 1103 679 χωρίς
1117 590 1281 682 nonnullis
1294 590 1378 656 locis

246 699 463 781 postponatur
484 694 585 760 veluti
606 702 641 761 B.
663 697 715 760 56.
739 697 779 758 13
803 683 842 761 ὧν
864 694 958 782 χωρίς
980 683 1243 762 άν88881181888
1257 713 1378 760 nomen

174 870 177 876 ,
242 796 331 881 quod
353 795 466 863 dicunt
486 796 655 881 subsequi.

676 983 808 1069 Ἕνεκα,
831 983 932 1070 χάριν.

329 1104 442 1187 Atque
454 1107 492 1168 81
503 1102 545 1168 ad
555 1103 735 1186 particulas
749 1101 842 1170 ἕνεκα
853 1108 886 1168 81
899 1102 990 1189 χάριν
1005 1105 1219 1184 transeamus,
1235 1101 1379 1184 primum

247 1203 288 1270 do
310 1205 415 1270 forma
435 1203 524 1269 illius
546 1203 694 1269 Kaclker
708 1226 747 1289 -p.
770 1207 834 1270 240
855 1225 921 1270 non
950 1225 1083 1289 prorsus
1111 1209 1200 1269 recte
1229 1203 1378 1269 iudicare

246 1304 328 1372 mihi
348 1305 486 1387 videtur,
510 1326 584 1370 cum
607 1305 711 1370 dicat:
735 1304 872 1390 „Neque
889 1325 1007 1390 operae
1022 1305 1163 1390 pretium
1177 1309 1235 1388 est,
1258 1305 1377 1372 afferre

246 1407 402 1492 exempla,
433 1406 551 1491 quibus
582 1411 755 1492 appareat,
787 1406 963 1492 Polybium
991 1411 1067 1471 ante
1096 1397 1311 1472 consonantes
1333 1445 1377 1456 -

246 1509 349 1594 ἕνεκα,
373 1515 448 1576 8818
471 1509 602 1576 vocales
636 1509 738 1577 ἕνεκεν
769 1509 973 1594 scripsisse;“
1002 1529 1078 1573 nam
1104 1507 1286 1592 complures
1311 1508 1378 1574 loci

247 1617 332 1696 sunt,
354 1611 473 1696 quibus
496 1611 598 1679 ἕνεκεν
622 1611 720 1676 etiam
741 1616 816 1676 ante
838 1615 1052 1677 consonantes
1083 1615 1203 1676 exstat:
1232 1615 1266 1676 B.
1290 1615 1321 1676 7.
1344 1613 1376 1676 8.

243 1719 303 1804 τῆς
325 1711 425 1802 αὐτῆς
445 1713 554 1800 χρείας
572 1713 689 1793 ἕνεκεν,
712 1710 953 1799 πολιορκούντων
976 1735 1002 1790 ς.
1017 1715 1069 1777 54.
1085 1715 1106 1776 4
1126 1716 1186 1799 τῆς
1199 1717 1259 1780 τῶν
1276 1711 1376 1780 ἄλλων

218 1896 220 1901 .
245 1815 347 1883 ἕνεκεν
371 1814 526 1902 οωτῃρίας
549 1818 600 1881 37.
625 1817 682 1894 10;
705 1817 730 1879 Ι.
753 1817 805 1880 27.
828 1817 848 1879 3
871 1817 1015 1901 φυλακῆς
1044 1812 1146 1880 ἕνεκεν
1173 1819 1282 1880 τῶν..
1304 1817 1376 1880 ΚΓ.

246 1921 295 1983 14.
320 1920 361 1982 12
388 1913 529 1995 εὐκλείας
554 1916 656 1984 ἕνεκεν
678 1914 734 1982 καί
750 1964 783 1980 ..
812 1921 850 1981 Δ.
875 1920 903 1981 1.
925 1919 946 1981 2
968 1915 1012 1995 είς
1037 1914 1094 2003 τὴν
1118 1913 1242 2002 Ῥώμην
1272 1915 1375 1984 ἕνεκεν

244 2024 299 2086 τοῦ
323 2023 548 2106 ονγγραρῆναι.
593 2018 668 2084 Uno
691 2017 763 2082 loco
792 2016 918 2083 codices
949 2017 1072 2084 habent
1100 2017 1193 2084 ἕνεκα
1218 2023 1295 2083 8818
1322 2039 1376 2082 νο-

244 2120 347 2186 calam
369 2126 403 2184 Δ.
428 2123 480 2185 21.
504 2123 543 2184 11
566 2119 749 2187 Kalauria
779 2118 873 2185 ἕνεκα
895 2117 931 2185 [ν’
955 2117 994 2187 ἂν
1011 2166 1043 2184 ..
1075 2141 1174 2203 quam
1203 2119 1376 2185 lectionem

245 2222 306 2286 etsi
328 2221 486 2287 Benseler
506 2221 637 2302 retinet,
661 2240 734 2285 cum
758 2219 936 2286 Hultsohio
959 2222 994 2286 in
1008 2220 1110 2287 ἕνεκεν
1126 2220 1374 2287 emendaverim.

328 2323 403 2388 Iam
432 2320 521 2406 quod
553 2320 596 2386 ad
624 2321 785 2388 rationem
815 2321 946 2404 attinet,
977 2343 1062 2406 quae
1090 2322 1176 2415 inter
1189 2366 1190 2372 .
1205 2321 1298 2389 ἕνεκα
1323 2321 1375 2388 rel

245 2424 347 2491 ἕνεκεν
371 2429 404 2489 81
424 2423 516 2510 χάριν
536 2423 719 2505 intercedit,
741 2444 895 2490 numerus
912 2445 1023 2490 eorum
1038 2423 1268 2508 exemplorum,
1291 2444 1375 2507 quae

244 2527 336 2595 illam
356 2527 553 2611 particulam
574 2524 727 2609 offerunt,
748 2547 827 2610 prae
840 2524 931 2612 χάριν
948 2527 1152 2610 aliquantum
1167 2527 1374 2609 coercetur,¹)

245 2629 335 2695 88188
365 2629 413 2694 rei
441 2647 572 2694 causam
600 2627 675 2692 inde
704 2633 848 2713 repetas,
878 2629 966 2712 quod
988 2627 1081 2695 ἕνεκα
1102 2628 1153 2693 vel
1175 2627 1277 2695 ἕνεκεν
1298 2633 1375 2712 post

244 2736 458 2798 consonantes
486 2729 582 2796 modo
600 2729 811 2798 admittitur:
842 2733 877 2795 Δ.
900 2733 951 2796 37.
974 2733 994 2796 6
1023 2730 1160 2798 ἐλπίδων
1190 2729 1288 2798 ἕνεκα
1316 2728 1374 2796 sed

244 2838 281 2900 A.
305 2835 355 2898 13.
378 2837 397 2898 7
420 2831 665 2918 apotamo-ipsso
686 2831 807 2918 χάριν
829 2838 888 2920 τῆς
910 2837 1227 2920 προκατασκενῆς-
1243 2836 1284 2898 Ε.
1300 2834 1373 2898 108.

244 2937 263 3000 6
286 2937 441 3002 πλεῖστον
462 2934 599 3001 ἕνεκεν
623 2930 718 3001 αὑτοῦ
741 2955 852 3000 verum
866 2934 979 3000 cadom
989 2934 1195 3019 paragrapho
1212 2934 1367 3002 Φιλίππου

243 3033 399 3121 χάριν-
425 3040 462 3102 Θ.
485 3038 558 3101 2.3
587 3034 702 3102 τούτων
731 3035 825 3102 ἕνεκα
854 3037 911 3102 sed
944 3059 970 3115 ς.
992 3038 1089 3110 223,
1118 3035 1245 3122 σημείου
1280 3034 1372 3122 χάριν

243 3173 287 3188 ·-
307 3140 357 3202 ΙΔ.
380 3139 410 3202 2.
432 3141 454 3202 4
482 3135 662 3223 πολιορκίας
692 3136 785 3204 ἕνεκα
812 3159 923 3213 verum
952 3141 993 3203 K.
1017 3141 1067 3204 12.
1090 3141 1111 3202 2
1139 3137 1249 3204 τούτου
1280 3135 1372 3222 χάριν

242 3274 287 3290 ·-
308 3241 346 3302 Θ.
368 3241 420 3303 42.
442 3241 462 3304 8
481 3235 644 3324 ΓἙλλήνων
679 3237 772 3306 ἕνεκα
801 3241 859 3306 sed
887 3243 953 3306 AZ.
983 3238 1037 3306 aa
1067 3238 1156 3326 χάριν
1179 3243 1234 3304 τοῦ
1256 3233 1372 3322 ssq...

246 3337 346 3426 Χάριν
369 3344 477 3406 autem
500 3341 598 3405 etiam
619 3346 696 3424 post
721 3347 936 3408 consonantes
965 3343 1043 3426 poni
1071 3362 1130 3426 per
1158 3361 1193 3406 se
1221 3345 1313 3425 patet
1333 3345 1372 3407 A.

243 3445 296 3508 88.
319 3444 595 3522 888888.
620 3445 674 3524 123
698 3445 749 3508 61.
774 3446 829 3524 103
853 3446 904 3508 37.
927 3446 961 3524 a;
985 3447 1036 3509 88.
1061 3446 1190 3523 11342.
1214 3445 1231 3506 1
1256 3462 1320 3525 ssq.

330 3543 382 3610 De
411 3543 529 3608 harum
549 3542 784 3626 particularum
806 3545 1020 3610 collocatione
1035 3545 1201 3611 sciendum
1214 3548 1273 3626 est,
1296 3564 1372 3610 cum

242 3645 337 3713 ἕνεκα
370 3644 453 3710 nihil
488 3644 610 3709 habeat
645 3645 811 3729 singulare
848 3644 939 3736 χάριν
968 3651 1078 3712 tamon
1106 3645 1209 3712 multo
1240 3647 1372 3731 saepius

242 3767 360 3816 nomen
380 3745 580 3828 antecedere,
603 3766 702 3830 quam
723 3749 856 3834 saquis)

331 3901 352 3970 ¹)
371 3900 441 3956 Cum
458 3899 634 3968 Thucydides
655 3899 728 3968 χάριν
755 3916 838 3970 paene
864 3916 979 3970 prorsus
1003 3900 1099 3970 evitat,
1127 3899 1200 3970 apud
1222 3897 1371 3969 Polybium

244 3988 339 4044 eadem
356 3985 492 4054 8111118818
508 3984 671 4056 118111881881
689 3985 765 4041 ἔνεκα
783 3986 936 4056 quadruplo
955 3987 1073 4054 superat

312 4071 334 4140 ⁸)
352 4069 386 4123 In
404 4070 651 4140 omnibusPolybii
668 4072 748 4126 libris
762 4073 872 4126 centum
891 4072 1005 4140 triginta
1015 4083 1089 4126 8888
1107 4071 1219 4124 exstant
1229 4069 1283 4124 loci
1296 4069 1370 4140 χάριν

242 4156 410 4223 exhibentes
430 4158 532 4224 quoin
549 4174 662 4212 numero
681 4158 853 4228 septuaginta
878 4157 937 4210 octo
960 4157 1147 4224 reperiuntur,
1171 4157 1273 4223 quibus
1296 4156 1370 4226 χάριν

241 4241 385 4312 antecedit,
404 4241 602 4311 quinquaginta
619 4243 683 4312 tras,
702 4241 803 4312 quibus
821 4240 1002 4310 postponitur.
