2960 4516
188 227 237 300 34

186 402 280 461 ποιεῖν
304 391 390 461 οὐδὲν
412 392 463 462 διά
485 390 527 462 τὀ·
545 395 732 482 ουνέχεσλαι
759 403 825 476 τοῖς
851 398 1080 486 προειρημένοις
1106 402 1249 487 πολέμοις
1277 403 1314 468 Β.

188 502 238 564 16.
261 502 280 564 8
304 497 356 564 διὰ
376 496 411 564 τὸ
433 496 492 576 τάς
504 497 614 582 ,βάσεις
636 496 696 576 τὰς
712 499 760 566 έπί
777 500 820 566 τὰ
835 501 926 566 πεδία
941 502 1068 580 νεούσας
1082 542 1125 551 -
1140 503 1183 581 εἰς
1204 509 1314 570 τοῦτον

186 602 395 688 ἐμπίπτειν..
419 605 457 666 Γ.
482 604 530 667 31.
554 604 573 666 3
596 601 648 668 διὰ
669 601 715 684 τό,
738 601 798 669 κᾶν
821 600 964 670 κατὰτὸ
986 603 1082 688 παρὸν
1105 602 1235 693 εὐτυχῇ,
1257 605 1315 694 τήν

185 730 220 789 γε
242 705 309 791 περί
324 710 377 771 τοῦ
392 703 557 790 μέλλοντος
579 706 688 772 ἐλπίδα
708 708 789 792 μηδέ
801 708 869 772 ποτ’
884 705 922 773 άν
937 702 1066 791 εὐλόγως
1081 708 1314 789 βεβαιώσασὶιαι

186 810 304 895 μηδένα
325 813 385 873 τῶν
406 813 473 873 νοῦν
495 806 634 893 ἐχόντων.

270 911 378 994 Nunc,
402 933 474 976 cum
496 913 539 977 ad
554 908 605 977 διὰ
619 933 692 976 cum
706 913 855 994 genetivo
872 913 1077 978 coniunctum
1092 913 1309 996 aggredimur,

184 1016 325 1098 primum
339 1013 487 1080 nonnulli
505 1014 569 1078 loci
590 1014 625 1078 in
647 1032 778 1078 censum
800 1015 939 1096 veniant,
962 1014 1079 1096 quibus
1103 1014 1198 1080 huius
1219 1037 1313 1098 prae-

185 1116 355 1199 positionis
377 1116 468 1181 notio
498 1115 701 1198 aliquantum
734 1120 862 1179 mutata
894 1115 1051 1182 videatur.
1107 1117 1155 1182 Ut
1187 1118 1316 1183 initium

187 1219 351 1301 capiamus
373 1239 393 1282 a
414 1218 485 1283 loco
507 1220 546 1280 Γ.
570 1220 621 1281 72.
645 1220 664 1281 9
688 1217 745 1281 ubi
767 1217 921 1300 legimus:
944 1216 986 1282 τὰ
1009 1216 1042 1283 δὲ
1064 1220 1164 1304 ἳιηρία
1186 1220 1317 1306 μερίσας

186 1318 244 1405 πρὸ
266 1325 324 1386 τῶν
348 1318 485 1404 κεράτων
506 1320 544 1384 δι’
569 1314 749 1405 ἀμφοτέρων
771 1317 977 1403 προεβάλετο,
1009 1321 1149 1402 scriptor
1178 1323 1316 1406 exprimi

186 1422 256 1486 vult
290 1421 501 1505 „elephantos
531 1426 606 1486 ante
635 1442 758 1486 cornua
788 1420 907 1485 divisos
937 1421 1113 1488 secundum
1142 1429 1316 1506 utrumque

190 1524 343 1588 collocavi
360 1528 389 1606 “‚
413 1525 460 1588 ita
482 1529 519 1588 ut
541 1521 593 1588 διὰ
615 1523 701 1588 idem
723 1523 791 1587 fere
815 1522 975 1614 significet
1006 1530 1104 1607 atque
1130 1523 1187 1610 πρδ
1216 1525 1316 1608 paulo

187 1627 442 1710 antepositum,
465 1625 527 1690 nisi
551 1625 638 1707 quod
664 1627 767 1707 magis
802 1626 1021 1689 extensionem
1056 1628 1150 1708 quasi
1182 1627 1316 1692 indicat.

186 1728 302 1811 Neque
325 1728 419 1792 aliter
441 1728 586 1811 intellegi
613 1729 721 1792 velim·
737 1729 843 1792 locum
869 1733 904 1790 B.
929 1729 979 1792 68.
1004 1731 1022 1792 8
1052 1728 1094 1805 εἰς
1123 1721 1215 1794 τοῦτο
1244 1733 1316 1795 δυσ-

185 1830 337 1916 χρηστίας
369 1823 449 1915 altor
484 1829 561 1896 ὥστε
595 1833 631 1894 δι’
663 1825 763 1916 αὐτῆς
793 1834 851 1915 τῆς
878 1833 930 1894 τοῦ
961 1826 1053 1915 λάρον
1083 1835 1222 1916 κορυφῆς
1252 1833 1316 1894 δια-

186 1933 349 2019 μάχεσλαι
371 1931 445 2012 πρὸς
468 1931 539 2009 τοὺς
561 1934 758 2018 βιαζομένους
781 1934 814 1996 in
829 1936 937 1996 tantas
952 1934 1117 2014 angustias
1132 1933 1317 1998 inciderunt

186 2043 223 2101 ut
246 2037 423 2102 secundum
447 2036 538 2100 collis
562 2057 714 2100 cacumen
737 2037 809 2120 (nos
830 2033 972 2098 an-hin
988 2035 1038 2098 vel
1053 2056 1094 2098 an
1111 2035 1184 2099 dem
1198 2034 1317 2099 Raude

187 2139 259 2220 des)
283 2139 439 2202 dimicare
462 2143 664 2220 cogerentur.
709 2134 766 2202 Διά
788 2137 860 2201 loco
882 2141 920 2200 Γ.
945 2141 995 2200 77.
1022 2141 1038 2199 1
1062 2135 1120 2214 τὰς
1143 2133 1237 2202 αὑτοῦ
1265 2139 1316 2200 δυ-

186 2239 293 2325 νάμεις
315 2244 431 2325 προῆγε
457 2237 509 2304 διὰ
533 2240 708 2326 Τυρρηνίας
731 2238 786 2305 καί
808 2239 1135 2324 κατεστρατοπέδευσε
1164 2237 1229 2303 διὰ
1258 2244 1317 2324 τῆς

187 2348 245 2408 τῶν
264 2339 443 2427 Ἀρρητίνων
466 2340 581 2420 πόλεως
604 2365 800 2426 quamquam
822 2344 926 2425 primo
951 2341 1068 2406 obtutu
1097 2342 1242 2424 spurium
1271 2342 1317 2404 vi-

188 2446 303 2510 deatur
336 2450 469 2528 propter
503 2443 554 2510 διὰ
588 2445 799 2527 antecedens,
835 2446 869 2509 in
901 2464 964 2526 quo
998 2443 1096 2524 paulo
1129 2442 1194 2506 alia
1226 2431 1317 2507 notio

187 2549 288 2629 inest,
322 2552 431 2612 tamen
464 2569 528 2613 non
562 2549 744 2630 reiecerim,
779 2569 852 2612 eum
885 2547 1040 2611 fulciatur
1066 2547 1130 2611 alio
1161 2546 1318 2628 exemplo,

186 2650 327 2716 Exstant
349 2651 433 2715 enim
457 2653 496 2714 H.
513 2655 544 2714 4.
562 2654 578 2714 1
596 2651 676 2715 haec
698 2650 809 2715 verba:
834 2650 882 2712 Δι’
907 2637 951 2711 ὧν
975 2644 1258 2733 ὑπολαμβάνω,
1281 2639 1317 2712 τὸ

187 2752 334 2830 πολλάκις
368 2755 399 2819 ἐν
435 2749 547 2838 ἀρχαῖς
575 2750 650 2840 ἡμῖν
678 2760 741 2839 τῆς
768 2749 982 2838 πραγματείας
1013 2750 1169 2836 εἰρημένον
1197 2755 1245 2815 νῦν
1275 2743 1310 2814 δι’

187 2851 314 2922 αὐτῶν
335 2860 395 2921 τῶν
419 2856 511 2940 ἔργων
535 2851 687 2940 άληὶιινήν
710 2852 878 2938 λαμβάνειν
906 2855 1026 2935 πίστιν,
1057 2853 1115 2918 ubi
1137 2855 1174 2918 δι’
1199 2841 1237 2918 ὧν
1267 2873 1317 2916 re·

186 2959 324 3042 spondet
339 2958 447 3023 verbis
461 2955 511 3023 διὰ
527 2963 587 3044 τῆς
603 2957 718 3035 πόλεως
733 2963 833 3040 atque
849 2957 984 3022 denotat
1000 2938 1318 3038 „secuudu1i1haee“

186 3060 325 3143 ideoque
348 3065 503 3144 „propter
524 3059 605 3124 haec
628 3061 678 3124 vel
705 3064 909 3144 proptereat
942 3060 980 3123 δι’
1012 3053 1111 3123 αὐτῶν
1141 3061 1199 3122 τῶν
1227 3057 1319 3140 ἔργων

187 3167 300 3226 contra
314 3162 491 3246 respondet
506 3161 613 3227 verbis
629 3161 682 3228 διά
696 3162 878 3247 Τυρρηνίας.
912 3160 1014 3225 Nulla
1029 3161 1095 3224 alia
1109 3180 1144 3222 re
1156 3159 1237 3223 haec
1252 3157 1318 3222 duo

187 3263 333 3346 exempla
355 3263 439 3328 inter
460 3284 494 3328 se
517 3263 672 3330 differunt
691 3263 755 3329 nisi
776 3263 863 3346 quod
879 3260 931 3327 διά
946 3263 1047 3327 altero
1063 3262 1134 3326 loco
1151 3263 1202 3346 (Γ.
1220 3259 1318 3343 77.1)

185 3366 352 3432 notionem
373 3366 520 3448 localem,
542 3367 735 3431 translatam
751 3366 853 3430 altero
878 3366 932 3450 (H.
950 3369 980 3429 4.
1002 3364 1033 3448 1)
1056 3363 1164 3428 habet.
1210 3361 1319 3444 Signi·

187 3468 372 3534 ficationem
397 3474 506 3533 autem
530 3468 748 3550 „secundum“
771 3457 1072 3550 in'praepositione
1093 3463 1144 3530 διὰ
1173 3485 1320 3529 nonnun-

186 3592 284 3653 quam
311 3572 430 3652 inesse,
460 3570 632 3637 illustrabo
659 3571 709 3635 his
742 3569 907 3652 exemplis:
941 3568 1067 3633 Herod.
1095 3567 1157 3636 IV.
1187 3569 1227 3632 39
1255 3562 1319 3632 ἀπὸ

188 3673 337 3758 Φοινίκης
359 3672 493 3760 παρήκει
515 3672 567 3739 διὰ
588 3676 683 3760 τῖγσδε
706 3677 764 3760 τῆς
786 3669 954 3756 βαλάσοης
976 3666 996 3756 ἡ
1021 3666 1103 3751 ἀκτὴ
1127 3666 1207 3755 αὕτη
1232 3667 1321 3752 παρά

124 3849 126 3854 ,
185 3801 220 3841 τε
242 3775 358 3862 Συρίην
388 3775 464 3841 inde
495 3775 536 3841 ab
565 3775 744 3840 Phoenicia
773 3774 854 3838 haec
883 3793 940 3838 ora
969 3772 1111 3855 pertinet
1141 3770 1321 3836 secundum

186 3898 275 3947 mare
297 3877 453 3962 Xenoph.
476 3875 566 3943 Hell.
589 3877 671 3959 VII,
694 3880 724 3941 4.
748 3879 790 3939 22
813 3873 935 3962 (λόφον)
959 3875 996 3938 δι’
1021 3861 1056 3938 οὗ
1078 3870 1114 3938 τὸ
1145 3873 1203 3952 ἔξω
1226 3872 1320 3938 σταύ-

187 4003 275 4066 ρωμα
296 3982 528 4065 περιεβέβληντο
553 3979 581 4045 οἱ
597 3976 756 4065 Ἀρκάδες,
781 3977 910 4057 collem,
934 3974 1112 4040 secundum
1134 3995 1232 4058 quem
1256 3981 1319 4039 etc.

186 4082 328 4147 Aristot.
345 4082 444 4166 Phys.
461 4085 523 4147 208
546 4081 578 4146 b.
601 4085 642 4147 29
664 4080 713 4148 ’ότι
736 4078 791 4166 μέν
819 4069 869 4145 οὖν
896 4079 960 4144 ἔστι
974 4102 1004 4144 τι
1020 4073 1035 4143 ὃ
1051 4075 1146 4155 τόπος
1167 4075 1254 4163 παρὰ
1276 4063 1320 4144 τά

189 4181 320 4268 σώματα
342 4183 397 4249 καί
423 4189 486 4250 πᾶν
513 4189 605 4269 σῶμα
636 4181 787 4266 αίσλητδν
807 4179 849 4245 ’ἐν
878 4179 975 4268 τόπῳ,
1006 4177 1066 4245 διά
1091 4178 1243 4246 τούτων
1275 4177 1321 4246 άν
