2960 4516
1216 235 1265 306 23

138 394 195 480 ἅμ’
219 395 258 460 ἔω
280 414 405 480 semper
433 417 493 461 nos
521 396 629 479 legere
655 396 852 461 locutionem
878 395 947 482 ἅμα
973 401 1016 485 τῷ
1041 398 1119 484 φωτί
1140 398 1267 482 „prima

135 499 231 563 luce‘
266 501 435 578 1.12.2;
466 501 517 564 30.
542 500 595 578 10;
624 502 676 564 45.
700 502 735 582 5;
764 503 816 564 49.
840 503 873 580 ⁷3
902 505 937 563 n.
961 502 1012 564 25.
1036 503 1071 581 53
1095 503 1146 565 26.
1170 504 1204 582 3;
1226 505 1266 570 r.

135 605 190 666 45.
213 604 247 681 5;
271 602 322 665 63.
347 603 400 682 14;
424 604 475 666 71.
500 604 554 683 10;
584 604 635 667 94.
659 605 693 682 6;
725 604 796 668 108.
819 605 853 683 8;
883 603 1076 682 Ε.56.10;
1107 624 1131 681 ς.
1156 605 1207 668 34.
1230 606 1265 682 5;

136 706 189 768 36.
206 706 226 768 6
246 709 305 768 etc.
350 704 455 770 Multo
478 710 588 770 autem
610 705 741 770 maioris
756 706 910 770 momenti
924 699 1004 770 mihi
1019 705 1154 788 videtur,
1177 705 1266 789 quod

43 877 44 898 ρ
134 826 223 870 nunc
243 805 383 889 profero.
429 806 603 873 Sciendum
627 809 712 872 enim
735 812 792 890 est,
817 808 1073 888 coniunctiones,
1105 827 1189 890 quae
1210 828 1264 874 vo-

42 935 43 940 *
134 913 252 973 cantur
267 909 461 994 temporales
476 905 526 988 ὡς,
549 905 590 987 ὣς
603 907 747 995 τάχιστα,
764 909 869 997 ἐπειδὴ
886 895 967 974 alias
982 930 1048 974 non
1058 909 1265 974 mediocriter

134 1013 278 1076 coerceri
292 1012 454 1096 particula
470 1009 539 1098 ἅμα
547 1011 656 1079 dativo
671 1013 800 1078 articuli
816 1018 915 1096 atque
932 1012 1092 1077 infinitivo
1104 1012 1263 1096 apposita.

132 1115 189 1179 Ac
209 1114 349 1197 primum
368 1113 547 1180 infinitivus
569 1116 749 1199 praesentis
770 1116 932 1200 reperitur
953 1116 991 1180 A.
1014 1116 1066 1179 23.
1089 1117 1109 1178 5
1132 1111 1201 1198 ἅμα
1230 1110 1264 1178 δὲ

133 1220 178 1304 τῷ
201 1214 377 1301 πλησιάζειν
400 1238 473 1281 cum
495 1218 796 1301 appropinquarent
816 1220 853 1282 Β.
876 1220 928 1282 25.
952 1218 971 1281 8
994 1215 1063 1303 ἅμα
1085 1214 1119 1281 δὲ
1137 1219 1181 1302 τῷ
1195 1235 1263 1282 συν-

134 1318 271 1402 εγγίζειν.
297 1320 346 1383 13.
370 1323 389 1382 7
412 1337 508 1403 saepe
531 1320 631 1384 etiam
652 1321 872 1385 accusativum
894 1340 967 1384 cum
985 1317 1143 1384 infinitivo
1159 1316 1262 1382 habes

132 1425 169 1484 B.
194 1423 244 1484 11.
267 1422 286 1484 8
310 1417 378 1505 ἅμα
399 1418 433 1486 δὲ
454 1425 497 1508 σῷ
520 1419 753 1506 προσέχειν-τὰς
775 1420 919 1507 δυνάμεις
941 1418 1016 1506 πρὸς
1044 1417 1102 1506 τὴν
1118 1416 1262 1486 'Attolle

132 1521 201 1586 νίαν
217 1569 249 1585 ..
279 1516 464 1608 άνήχὶιησαν
492 1525 542 1588 30.
569 1526 602 1604 1;
630 1526 681 1588 30.
705 1527 739 1604 6;
767 1526 860 1588 64.1
891 1521 960 1608 ἅμα
985 1527 1028 1610 τῷ
1058 1520 1114 1608 τὴν
1140 1520 1262 1608 ἐαρινὴν

133 1622 216 1710 ὥραν
239 1624 421 1693 &elacata
442 1628 480 1689 Γ.
504 1627 555 1690 78.
579 1628 613 1706 6;
638 1628 709 1690 104.
733 1629 767 1706 5;
799 1633 835 1690 A.
859 1628 910 1690 78.
934 1628 952 1688 7
976 1646 1045 1708 sqq.
1090 1621 1261 1688 Acristum

132 1724 235 1790 habes
258 1733 294 1790 A.
311 1731 340 1790 7.
356 1729 376 1790 2
393 1724 462 1811 ἅμα
483 1732 527 1814 τῷ
548 1730 652 1808 λαβεῖν
674 1725 780 1812 καίρῖν
803 1748 876 1792 cum
891 1733 1017 1809 tempus
1032 1727 1143 1790 nancti
1155 1729 1262 1790 essent

132 1831 170 1892 Γ.
197 1830 226 1892 6.
251 1831 304 1909 133
329 1831 378 1893 13.
402 1832 437 1911 2;
460 1832 511 1894 40.
537 1833 590 1910 12;
613 1833 665 1895 43.
689 1832 722 1909 c;
746 1833 797 1894 54.
821 1834 854 1910 ι;
878 1832 929 1894 84.
952 1834 984 1910 1;
1008 1831 1110 1908 9413
1136 1829 1259 1908 113.1;

132 1936 165 1994 Δ.
185 1933 234 1994 12.
258 1934 291 2011 23
317 1935 367 1995 12.
390 1935 424 2012 4;
458 1937 507 1997 17.
534 1935 589 2013 123
620 1936 659 1998 E.
682 1936 733 1997 54.
759 1936 775 1996 1
800 1953 847 2015 sq.
891 1932 1109 1997 Accusativus
1130 1925 1262 1996 additus

131 2037 184 2096 est
198 2037 232 2096 A.
249 2035 334 2098 341
359 2033 427 2120 άμοι
450 2032 483 2100 δὲ
505 2039 547 2124 τῷ
568 2031 621 2100 τὸν
637 2032 817 2106 Ξάνλιππον
839 2041 904 2110 τοῖς
926 2031 981 2120 μὲν
1003 2033 1052 2100 ἐπὶ
1073 2038 1132 2100 τῶν
1146 2031 1262 2118 ληρίων

130 2140 338 2220 παραγγεῖλαι
355 2186 362 2201 .
381 2186 388 2200 .
412 2139 463 2202 68.
480 2140 514 2216 8;
538 2139 589 2202 76.
607 2142 640 2218 7;
664 2141 700 2202 Β.
716 2140 803 2202 535
827 2136 897 2223 ἅμα
918 2142 961 2225 τῷ
986 2143 1163 2222 προσπεσεῖν
1179 2129 1263 2200 αι’ντῶ

130 2235 257 2304 aaa..
282 2241 322 2302 Γ.
345 2243 396 2303 71.
419 2243 453 2319 5;
477 2242 528 2304 12.
554 2242 586 2320 13
610 2242 661 2304 ιν.
685 2243 718 2320 ι;
742 2242 793 2304 ιο.
817 2243 850 2320 a;
874 2242 925 2305 23.
949 2243 982 2320 η
1007 2242 1078 2303 115.
1101 2241 1136 2318 23
1160 2252 1192 2302 4.
1210 2240 1261 2302 35.

131 2341 167 2418 93
192 2343 231 2404 E.
256 2344 304 2404 14.
329 2345 348 2405 3
372 2362 418 2424 sq.
464 2341 521 2406 Ad
544 2343 713 2407 'actionem
742 2343 844 2424 magis
871 2341 1080 2424 premendam
1109 2339 1263 2406 adverbia

130 2437 239 2530 εὐλάς,
269 2439 394 2527 εὐὲεέυς,
425 2444 556 2529 ταχέως,
587 2442 659 2510 τότε
690 2441 728 2530 δὴ
761 2448 965 2530 παραχρῆμα,
988 2443 1167 2528 παραυτίκα
1188 2447 1263 2526 post

130 2549 330 2610 structuram
352 2545 443 2611 illam
465 2547 593 2628 insequi
616 2545 731 2610 solent.
753 2585 797 2594 -
817 2545 1004 2612 infinitivus
1019 2545 1199 2629 praesentis
1222 2549 1261 2608 et

130 2647 246 2711 aoristi
262 2651 368 2711 exstat
384 2653 459 2730 post
475 2646 543 2733 ἅμα
564 2653 608 2736 τῷ
624 2697 631 2712 .
649 2698 656 2712 .
679 2651 718 2712 Γ.
735 2651 784 2712 65.
801 2653 822 2713 4
845 2646 914 2734 ἅμα
935 2646 968 2714 δὲ
982 2653 1025 2736 τῷ
1046 2644 1261 2733 πλησιάζειν

131 2744 239 2825 αὑτοῖς
260 2747 316 2814 καί
337 2752 497 2815 συνιδεῖν
520 2748 575 2816 πὀν
597 2773 749 2835 κονισρτον
765 2799 797 2815 ..
820 2753 856 2815 A.
880 2753 930 2816 67.
956 2754 972 2814 1
997 2748 1066 2836 ἅμα
1086 2754 1130 2837 τῷ
1153 2751 1258 2814 συλλ-

130 2852 291 2936 εχλῆναι
313 2849 432 2930 πάντας
455 2851 498 2929 εἰς
511 2851 569 2939 την
585 2852 707 2919 Σίκκαν
730 2851 785 2918 καὶ
801 2901 808 2917 .
825 2851 979 2918 .”Αννωνα
994 2900 1001 2916 .
1019 2901 1026 2917 .
1049 2849 1093 2938 μὴ
1117 2843 1180 2916 οἷον
1201 2847 1272 2926 τὰς·

130 2952 305 3030 ἐλπίδας..
337 2954 563 3038 ἐκπληροῦν
589 2951 717 3021 ἀλλὰ..
748 2954 924 3039 λέγοντα..
958 2953 1258 3038 ἐγχειρεῖν...

130 3061 164 3120 A.
189 3059 240 3121 14.
264 3061 282 3120 7
305 3077 376 3140 sqq.

507 3321 510 3334 Ι
568 3237 686 3326 Ἐντάς,
710 3241 811 3322 ἐκτός.

215 3360 268 3427 De
278 3361 432 3430 adverbio
446 3362 531 3440 ἐντὸς
542 3363 690 3446 genetivo
703 3363 851 3446 apposito
863 3361 945 3426 nihil
957 3361 1047 3426 aliud
1058 3360 1258 3427 afferendum

128 3462 259 3528 videtur
281 3465 343 3529 nisi
365 3466 428 3532 hoc
449 3465 552 3531 tribus
575 3465 656 3530 locis
678 3465 801 3530 nomini
822 3464 1041 3548 postpositum
1063 3483 1133 3529 esse
1159 3463 1258 3546 idque

130 3564 174 3630 ad
196 3563 322 3632 hiatum
344 3567 531 3632 evitandum
553 3573 586 3632 A.
603 3568 654 3631 57.
676 3569 714 3631 11
738 3567 892 3650 γενέσῖιαι
913 3571 974 3632 τῶν
995 3564 1133 3631 πυλώνων
1155 3562 1258 3642 ἐντός

128 3671 185 3732 ΙΕ.
216 3671 264 3732 18.
292 3673 312 3734 5
341 3668 362 3756 ἢ
396 3675 455 3736 τῶν
491 3668 649 3756 προγόνων
679 3668 781 3746 ἐντός
813 3672 879 3734 ΛΘ.
910 3672 929 3733 3
958 3666 1028 3734 καὶ
1056 3673 1114 3754 τῆς
1143 3665 1257 3744 πόλεως

129 3767 244 3846 ἐντός
265 3767 367 3848 ’ά-ντοις.
410 3770 537 3837 Eodem
560 3771 694 3837 consilio
709 3791 941 3854 nonnunquam
955 3771 1095 3855 scriptor
1110 3769 1257 3835 voculam

128 3871 272 3954 aliquam
312 3874 520 3958 interposuit:
562 3877 604 3939 H.
635 3867 736 3938 31.'8
774 3871 861 3951 ’ὄντες
901 3870 989 3951 ἐντὸς
1025 3872 1161 3956 ἐγένοντο
1199 3875 1258 3956 τῆς

130 3970 289 4059 ρινοπύλης
305 4023 337 4040 ..
399 3979 435 4040 A.
464 3978 516 4040 50.
550 3979 571 4039 2
611 3973 670 4052 τὰς
709 3973 764 4061 μὲν
806 3974 907 4054 ἐντὀς
946 3973 1016 4062 ἤδη
1050 3978 1104 4040 τοῦ
1137 3972 1257 4058 λιμένος

129 4072 274 4152 οὔσας..
317 4075 413 4141 Idem
454 4076 543 4141 cadit
582 4077 616 4142 in
653 4077 842 4143 adverbium
879 4074 968 4154 ἐκτὸς
1001 4097 1075 4140 cum
1107 4074 1255 4156 genetivo

130 4177 351 4259 coniunctum
374 4183 509 4264 propter
530 4179 655 4245 hiatum
678 4179 762 4244 enim
784 4178 866 4244 haec
888 4177 1060 4243 collocatio
1082 4175 1170 4241 facta
1192 4181 1253 4240 est:
