2960 4516
1238 159 1284 237 15

685 322 755 395 Ἐκ.

243 451 296 517 De
311 450 348 516 ἐκ
368 471 441 515 oum
456 450 604 533 genetivo
620 449 791 514 coniuncto
807 448 947 530 primum
969 452 1071 529 notes,
1095 447 1179 512 hanc
1193 467 1285 529 prae-

159 555 353 636 positionem
375 551 463 618 haud
492 573 566 617 raro
597 553 644 616 ita
674 571 744 615 esse
766 549 957 631 adhibitam,
987 555 1024 614 ut
1053 550 1151 614 etiam
1174 551 1286 616 deesse

159 657 263 738 possit
284 676 344 720 neo
373 653 585 719 desideretur.
630 652 703 734 Qua
724 653 758 716 in
787 672 822 716 re
845 651 909 716 duo
938 656 1015 715 sunt
1040 651 1285 734 distinguenda3

160 763 258 840 atque
279 758 419 840 primum
441 755 598 839 Polybius
622 754 769 836 exempla
790 753 941 836 praebet,
972 754 1005 816 in
1035 753 1153 836 quibus
1176 753 1286 837 aliquo

160 859 256 924 modo
278 858 529 942 praepositionis
551 857 599 920 vis
622 861 849 938 conservatur,
881 855 1063 920 cuiusmodi
1086 861 1168 922 sunt·
1183 855 1287 920 multa

161 982 200 1026 ae
214 961 314 1025 varia.
358 961 513 1025 Looalem
536 959 621 1024 enim
639 959 704 1023 vim
725 959 759 1022 in
781 957 832 1022 his
855 958 1029 1022 cernimus:
1052 961 1087 1024 Β.
1111 960 1162 1022 40.
1186 961 1206 1022 5
1228 954 1285 1023 ὑπὸ

159 1067 218 1128 τῶν
240 1063 276 1127 ἐκ
299 1061 495 1138 Μακεδονίας
517 1061 663 1142 βασιλέων
686 1064 737 1125 41.
761 1062 780 1124 9
804 1056 855 1126 διά
876 1064 935 1125 τῶν
957 1060 994 1124 ἐκ
1015 1059 1212 1136 Μακεδονίας
1235 1064 1287 1140 βα-

160 1165 263 1230 σιλέων
285 1169 321 1230 Δ.
341 1167 367 1228 1.
391 1167 411 1227 5
433 1158 493 1229 ὑπὸ
516 1169 575 1228 τῶν
597 1163 633 1228 ἐκ
655 1163 853 1239 Μακεδονίας
876 1162 1021 1242 βασιλέων
1043 1165 1082 1228 Ε.
1106 1164 1157 1226 36.
1179 1164 1199 1225 2
1222 1162 1286 1226 δεό-

161 1289 313 1352 μενον-
335 1271 393 1352 τῆς
416 1266 453 1330 ἐκ
475 1270 533 1331 τῶν
556 1265 700 1346 βασιλέων
729 1265 905 1347 ἐπικουρίας
932 1267 983 1329 43.
1006 1269 1025 1328 5
1048 1262 1287 1349 παρεσκευακὼς

161 1367 296 1445 -τους
326 1368 361 1433 ἐκ
392 1367 451 1454 τῆς
480 1368 560 1445 ίδίας
591 1368 782 1452 σατραπείας
810 1365 920 1451 ἐ’χλους
948 1371 1000 1432 58.
1027 1369 1066 1432 10
1095 1368 1288 1452 κατέχεσδαι

162 1477 306 1556 φρουραῖς
328 1467 385 1537 ὑπὸ
408 1476 466 1536 τῶν
483 1469 515 1550 ἐξ
539 1469 691 1555 Αἰγύπτου
707 1470 852 1550 βασιλέων
875 1475 904 1534 7.
922 1472 941 1534 9
963 1469 1038 1554 πρός
1051 1493 1086 1535 τε
1100 1474 1158 1556 τήν
1173 1467 1288 1534 εἴσοδον

161 1572 216 1638 καί
230 1571 288 1658 τὴν
304 1571 407 1652 ἔξοδον
421 1570 479 1659 τήν
494 1573 530 1637 ἐκ
544 1577 603 1637 τῶν
625 1577 734 1638 στενῶν
748 1578 784 1636 A.
802 1574 853 1637 60.
877 1575 910 1652 8;
934 1575 985 1635 71.
1009 1575 1026 1636 1
1049 1570 1120 1648 τοὺς
1143 1610 1183 1619 -
1207 1571 1289 1652 βίους

160 1711 203 1720 -
232 1673 466 1758 διεξαγαγόντες
496 1670 557 1740 άπὸ
588 1679 648 1739 τῶν
681 1675 717 1738 ἐκ
748 1677 807 1759 τῆς
834 1672 937 1758 χώρας
965 1672 1161 1758 γεννημάτων
1190 1675 1226 1738 Β.
1256 1676 1287 1736 5.

161 1777 181 1838 6
204 1770 411 1853 ἀπολαύοντες
432 1781 491 1841 τῶν
514 1776 551 1840 ἐκ
572 1780 630 1861 τής
651 1774 764 1859 χώρας.
797 1821 800 1828 -
819 1774 1014 1840 Referemus
1043 1774 1107 1839 huo
1129 1773 1287 1840 dictiones

160 1875 234 1940 illas
268 1876 357 1958 apud
385 1877 560 1960 Polybium
589 1877 777 1941 tritissimas
811 1875 840 1941 σί
868 1877 904 1941 ἐκ
937 1881 995 1963 τῆς
1026 1876 1155 1959 πόλεως,
1193 1876 1222 1941 οί
1252 1877 1288 1941 ἐκ

161 1983 220 2064 τής
242 1978 423 2064 συγκλήτου,
452 1978 480 2044 ol
502 1979 538 2044 ἐκ
559 1983 613 2044 τοῦ
641 1979 791 2063 συνεδρίου
813 1981 852 2042 Γ.
875 1981 926 2043 33.
948 1983 969 2042 4
995 1974 1190 2065 ἀνεφάνησαν
1220 1977 1289 2064 ἅμα

161 2080 218 2144 καί
242 2081 363 2159 πλείους
392 2087 450 2147 τῶν
478 2082 515 2146 ἐκ
541 2086 595 2147 τοῦ
626 2081 777 2165 συνεδρίου
800 2101 858 2163 pro
880 2085 939 2146 τῶν
960 2086 1014 2146 τοῦ
1038 2103 1064 2146 σ.
1089 2081 1156 2144 sive
1177 2086 1236 2146 τδν
1257 2081 1289 2146 ἐν

162 2187 204 2268 τῷ
228 2204 255 2249 σ.
280 2185 331 2248 97.
356 2187 373 2247 1
397 2183 425 2248 σί
446 2184 511 2249 δ’ἐκ
532 2187 590 2270 τής
613 2182 784 2270 συγκλήτου
808 2182 979 2269 πυδάμεναι
1001 2186 1039 2249 Ε.
1065 2186 1115 2247 14.
1139 2187 1158 2246 7
1181 2181 1209 2247 ol
1234 2181 1289 2268 μέν

162 2283 199 2348 ἐκ
228 2287 286 2370 τῆς
318 2283 431 2362 πόλεως
461 2291 518 2372 τήν
546 2283 677 2371 ήσυχίαν
708 2281 795 2372 εἶχεν,
825 2291 856 2350 Δ.
881 2290 930 2350 71.
956 2289 994 2350 11
1017 2287 1106 2363 τέλος
1127 2285 1155 2350 ol
1176 2283 1231 2371 μὲν
1254 2286 1290 2350 ἐκ

161 2389 219 2471 της
240 2384 354 2464 πόλεως
384 2389 550 2471 τραπέντες
572 2389 696 2474 ἔφευγον
726 2388 840 2465 πάντες
869 2385 943 2470 πρὸς
971 2385 1028 2472 τήν
1055 2383 1227 2466 ἀκρόπολιν.
1250 2390 1289 2452 Ε.

162 2490 250 2552 24.6
272 2486 330 2574 τήν
351 2487 385 2554 δὲ
400 2490 526 2573 δύναμιν
547 2489 690 2570 ἐξέταξεν
712 2491 744 2555 ἐν
767 2497 831 2567 τοῖς
853 2489 1002 2566 ἐπιπέδοις
1023 2484 1203 2554 εὐσύνοπτον
1225 2497 1290 2566 τοῖς

163 2589 200 2654 ἐκ
221 2593 279 2675 τῆς
300 2590 423 2668 πόλεως.
468 2592 509 2656 In
531 2592 642 2657 multis
664 2592 737 2656 aliis
759 2593 839 2656 locis
866 2592 903 2656 ἐκ
929 2611 987 2674 per
1009 2590 1146 2673 figuram
1168 2597 1287 2656 attrac-

162 2690 270 2772 tionis,
301 2711 386 2773 quae
413 2691 541 2776 dicitur,
563 2695 706 2777 positum
728 2692 935 2776 cogitandum
958 2698 1007 2757 est
1028 2698 1065 2755 Α.
1087 2695 1139 2757 52.
1162 2697 1182 2758 8
1204 2691 1289 2778 παρὰ

161 2797 221 2857 τῶν
243 2793 279 2857 ἐκ
299 2798 358 2879 τῆς
380 2795 544 2879 μεσογαίου
570 2794 738 2882 συμμάχων
763 2803 844 2862 σῖτον
873 2793 1173 2880 προσαναλαμβάνων
1195 2797 1246 2859 79.
1269 2799 1289 2858 9

163 2890 391 2980 ἀπεσταλμένον
413 2893 470 2963 ὑπὸ
492 2903 552 2964 τῶν
581 2899 617 2963 ἐκ
642 2903 700 2985 τής
722 2896 881 2981 Σαρδόνος
903 2896 1076 2980 αίρετιστῶν
1098 2900 1135 2962 Β.
1160 2900 1209 2960 11.
1235 2899 1288 2975 14;

163 2999 201 3060 Ε.
218 2999 268 3060 68.
294 2999 334 3061 10
357 2998 541 3082 παραλαβὼν
565 2998 638 3078 τοὺς
661 3001 697 3064 ἐκ
717 3005 778 3084 τής
797 2997 953 3083 δυνάμεως
975 2995 1118 3075 εὐζώνους
1140 3002 1179 3068 Γ.
1201 3001 1249 3062 74.
1271 3001 1287 3060 1

163 3097 392 3164 διαναστάντων
402 3105 445 3164 τῶ
457 3101 510 3166 νέκ
521 3107 579 3188 τῆς
594 3102 716 3185 ἐνέδρας
728 3099 883 3186 Νομάδων
898 3121 946 3183 sq.
977 3101 1124 3182 Denique
1140 3098 1290 3163 observes

165 3198 323 3264 eiusmodi
345 3201 450 3288 looosJ:
496 3203 541 3272 A.
565 3205 616 3267 79.
641 3205 681 3267 10
703 3207 788 3268 τινῶν
818 3203 855 3267 ἐκ
883 3207 937 3268 τοῦ
967 3203 1172 3286 στρατοπέδου
1196 3203 1246 3266 80.
1270 3205 1290 3264 9

162 3322 209 3378 τις
232 3301 268 3366 ἐκ
289 3305 348 3367 τῶν
369 3304 556 3390 καῖνημένων
578 3297 643 3369 εἶπε
665 3308 700 3370 Λ.
724 3308 754 3370 9.
779 3307 819 3370 10
840 3326 887 3382 τις
910 3304 946 3369 ἐκ
962 3300 1125 3388 Ῥωμαίων
1147 3323 1196 3385 sq.

249 3403 364 3486 Atque
386 3411 423 3470 ut
444 3406 601 3470 nonnulla
630 3428 710 3471 usus
732 3407 886 3471 translati
909 3406 1055 3488 exempla
1076 3405 1290 3487 proferamus,

162 3505 243 3570 haee
266 3506 349 3588 elegi
370 3513 407 3570 A.
430 3511 481 3571 57.
505 3512 524 3572 5
556 3507 708 3592 οὔτεγὰρ
730 3513 789 3573 τῶν
811 3505 845 3587 ἐξ
868 3506 1003 3592 ίστορίας
1025 3504 1291 3592 στρατηγημάτων

162 3607 233 3674 οὔτε
255 3613 314 3673 τῶν
335 3609 373 3674 ἐκ
401 3613 455 3674 τοῦ
484 3615 592 3693 καιροῦ
619 3608 675 3674 καί
700 3614 759 3696 τής
781 3605 982 3694 ὑποκειμένης
1002 3607 1207 3693 περιστάσεως
1229 3609 1291 3673 ἐπι-

162 3711 323 3796 νοημάτων
345 3707 433 3776 οὐδέν
463 3711 665 3798 παρελείφῖνῃ.
694 3715 746 3777 59.
769 3716 791 3776 4
812 3710 949 3791 εἴξαντες
970 3719 1035 3790 τοῖς
1057 3713 1094 3777 ἐκ
1114 3717 1174 3798 τῆς
1194 3709 1291 3796 τύχης

163 3810 389 3897 συμπτώμασιν.
419 3816 458 3876 Γ.
481 3816 510 3876 7.
533 3817 568 3892 23
594 3816 664 3878 107.
687 3818 723 3895 8;
747 3820 783 3877 Α.
807 3816 858 3879 46.
883 3817 900 3877 1
924 3813 982 3892 τὰς
1010 3815 1047 3879 ἐκ
1081 3818 1139 3879 τῶν
1163 3809 1291 3897 Ἀχαιῶν

162 3910 336 3998 εὐεργεσίας
359 3919 395 3979 Γ.
420 3919 449 3978 7.
475 3918 513 3978 13
536 3912 593 4000 τήν
616 3916 652 3981 ἐκ
673 3923 732 3982 τῶν
748 3912 902 4002 Ἑλλήνων
924 3915 1041 3982 εὔνοιαν
1063 3937 1111 3998 sq.

249 4015 375 4098 Quibus
392 4017 542 4080 omnibus
565 4017 645 4080 locis
668 4039 741 4081 cum
763 4018 1013 4100 praepositionis
1037 4019 1073 4083 ἐκ
1093 4017 1289 4098 significatio

163 4117 273 4199 aliquo
303 4117 398 4180 modo
432 4117 588 4198 explicari
620 4119 739 4200 possit,
773 4119 919 4182 nonnulli
958 4125 1044 4182 certe
1073 4119 1289 4200 reperiuntur,
