2960 4516
239 215 286 291 18

235 385 334 450 veluti
356 383 389 474 οί
410 379 481 450 ἀπὸ
501 387 569 465 τῆς
589 376 709 467 χώρας
729 378 766 448 Β.
790 385 820 448 6.
844 383 863 448 8
887 373 991 450 ου’κὲτι
1013 374 1168 466 περὶτῶν
1196 371 1265 447 άπό
1295 381 1368 469 τῆς

233 487 354 574 χώρας
382 481 523 573 ἠχονίων;
553 486 586 550 οί
613 481 681 550 άπὸ
712 489 780 570 τῆς
809 480 1224 570 οὐραγίαςπονὶεείιωυαι
1245 505 1367 568 agmen
1441 569 1442 574 χ

235 594 275 656 Ε.
299 592 349 655 13.
372 592 392 653 8
414 588 653 674 προσανεδέχετο
675 584 747 664 τοὺς
769 582 829 652 ἀπὸ
851 611 880 652 τ.
903 583 948 652 οδ.
973 590 1022 653 14.
1047 591 1065 650 7
1089 587 1117 662 σί
1138 589 1164 652 δ’
1189 584 1249 653 άπὸ
1271 611 1300 653 τ.
1317 583 1366 652 οὗ.
1441 575 1442 588 ’

235 696 375 779 συνῆψαν
402 690 477 777 πρός
505 689 540 757 τό
571 687 776 774 στρατόπεδον
805 696 841 754 Α.
872 693 923 754 76.
952 693 974 754 4
1010 688 1082 768 τοὺς
1110 689 1166 776 μὲν
1195 687 1264 757 ἀπὸ
1293 695 1367 777 τῆς

233 794 504 882 πρωτοπορείας
537 794 695 859 ποιεῖσδαι
722 788 780 878 τἠν
809 787 1001 877 ἀποχώρησιν
1031 793 1171 859 ἐκόλουσε
1200 796 1239 858 Γ.
1265 797 1317 858 53.
1341 799 1365 876 Ι7
1442 856 1443 878 χ

193 944 198 953 ·
235 895 339 983 οἱμὲν
361 892 422 962 ἀπὸ
445 901 504 984 τῆς
526 890 682 980 οὐραγίας,
706 892 734 958 οί
756 891 789 958 δὲ
811 889 871 959 ἀπό
893 893 952 980 τῆς
975 895 1200 980 πρωτοπορείας
1218 891 1366 963 ἀπέσπων

233 1005 292 1066 τῶν
315 999 504 1086 σκευοφόρων
526 998 591 1062 ἔνια
612 999 650 1060 Γ.
674 998 725 1059 74.
748 999 768 1059 b
790 993 875 1073 τοὺς
897 992 966 1062 ἀπό
988 1002 1057 1064 τῶν
1079 999 1177 1065 ίδίων
1198 998 1365 1084 κεράτων

234 1105 284 1167 76.
314 1105 334 1166 9
364 1101 451 1180 τοὺς
483 1096 552 1167 ἀπὸ
583 1103 646 1165 τοῦ
678 1097 807 1166 στόλου
834 1101 886 1162 61.
915 1101 968 1179 10;
1000 1102 1051 1166 60.
1079 1104 1099 1166 2
1125 1109 1190 1179 τοῖς
1217 1097 1277 1166 άπδ
1303 1107 1364 1168 τοῦ

233 1208 388 1271 ναυτικοῦ.
432 1201 539 1270 Paulo
562 1200 749 1265 inusitatius
772 1200 894 1265 dictum
916 1204 966 1264 est
987 1201 1076 1284 quod
1097 1202 1234 1286 legimus
1255 1209 1292 1268 Α.
1307 1207 1364 1268 49.

236 1310 253 1370 1
278 1304 434 1390 συμβαίνει
455 1309 523 1371 τῶν
545 1297 613 1368 άπὸ
640 1307 702 1368 τοῦ
726 1301 855 1369 στόλου
884 1302 1133 1388 πληρωμάτων
1159 1302 1194 1369 τό
1221 1307 1366 1370 πλεῖστον

234 1408 327 1493 μέρος
349 1405 556 1492 διεφῖνάφδαι.
564 1405 587 1488 ¹)
625 1403 748 1471 Contra
770 1405 974 1470 attractionis
997 1427 1079 1488 quae
1101 1413 1236 1471 vocatur
1256 1406 1366 1489 figura

233 1511 317 1574 inest
347 1509 380 1572 in
410 1508 461 1573 his
495 1507 649 1591 exemplis
682 1513 718 1570 Α.
742 1509 837 1572 313
868 1505 1105 1593 συμφευγόντων
1129 1506 1172 1585 ἐίς
1193 1506 1250 1594 τὴν
1273 1507 1363 1574 πόλιν
1444 1556 1445 1572 .

232 1617 292 1678 τῶν
316 1607 378 1678 άπὸ
401 1614 459 1697 τῆς
480 1608 593 1695 χώρας,
617 1609 777 1694 δυσδυμία
798 1647 841 1657 -
861 1599 900 1696 ἦν
924 1613 960 1674 Β.
983 1612 1013 1674 9.
1036 1613 1057 1673 4
1083 1609 1297 1697 ἐπιγενομένης
1328 1608 1364 1675 δὲ

232 1719 290 1801 τῆς
313 1709 374 1779 ἀπὸ
396 1717 456 1778 τῶν
479 1710 590 1786 πλοίων
612 1711 763 1796 βοηδείας
786 1716 819 1774 Δ.
844 1713 893 1774 12.
917 1713 952 1792 3;
976 1714 1014 1775 Ε.
1038 1715 1089 1776 76.
1114 1714 1154 1776 10
1176 1733 1248 1794 sq..

322 1833 474 1916 Denique
495 1832 558 1896 hae
587 1830 766 1894 locutiones
795 1850 860 1894 non
883 1835 958 1894 sunt
987 1831 1295 1913 praetermittendae
1319 1836 1362 1896 E.

233 1940 283 2000 77.
307 1939 326 2000 7
350 1929 412 2001 ἀπὸ
436 1931 469 1998 δὲ
490 1931 606 1998 τούτων
628 1929 791 2017 γενόμενος
812 1919 872 2016 ἧκε
899 1929 975 2016 πρός
1004 1933 1166 2016 Καρσέας.
1181 1932 1232 1998 his
1261 1933 1363 1998 rebus

232 2036 384 2121 perfectis
405 2035 542 2102 Oarseas
563 2035 710 2118 pervenit
733 2039 768 2098 Α.
790 2036 842 2097 24.
868 2037 907 2099 13
931 2028 992 2100 ἀπὸ
1016 2032 1050 2100 δὲ
1072 2031 1186 2101 τούτων
1201 2033 1363 2121 γενόμενοι

233 2143 262 2202 7.
286 2141 327 2205 10
349 2137 416 2205 ἐπεὶ
437 2135 471 2203 δὲ
494 2132 555 2202 ἀπό
578 2135 693 2202 τούτων
717 2136 855 2218 ἐγένοντο
878 2141 912 2199 Γ.
937 2137 1008 2200 100.
1032 2139 1052 2200 6
1081 2134 1242 2222 γενόμενος
1268 2138 1362 2206 δ’άπὸ

231 2238 345 2307 τούτων
368 2243 408 2313 Ις.
432 2243 482 2304 21.
507 2242 525 2302 7
550 2259 622 2320 sq..

316 2358 389 2423 Iam
411 2357 452 2422 de
473 2357 635 2422 nonnullis
658 2357 842 2440 impropriis
871 2377 954 2439 quae
984 2361 1140 2422 vocantur
1168 2361 1363 2442 praepositi-

231 2461 346 2527 onibus
368 2459 451 2540 άνεο,
473 2459 575 2545 χωρίς,
599 2458 702 2540 ἕνεκα,
723 2458 828 2545 χάριν,
851 2459 952 2544 μέχρι,
974 2457 1040 2538 ἕως,
1056 2457 1125 2544 ἅμα
1140 2460 1237 2525 verba
1252 2460 1364 2527 facere

230 2585 295 2629 non
317 2563 458 2630 alienum
480 2561 618 2627 videtur.

682 2746 780 2830 Ἄνευ,
802 2748 905 2834 χωρίς.

315 2885 428 2968 Atque
448 2888 486 2948 ut
507 2884 731 2968 a'synonymis
755 2881 826 2950 άνευ
858 2890 891 2948 et
912 2882 1004 2969 χωρὶς
1027 2885 1155 2952 initium
1178 2887 1365 2969 capiamus:

195 2973 198 2978 ¹
231 2989 288 3072 qui
323 2975 563 3069 antiquioribus
608 2985 818 3068 scriptoribus
855 2985 947 3050 lectis
987 2985 1029 3052 ad
1071 2986 1246 3072 Polybium
1286 2989 1367 3054 dili-

230 3091 356 3174 gentius
395 3086 569 3171 legendum
608 3106 780 3169 aggressus
823 3087 901 3168 erit,
943 3087 972 3152 ei
1012 3086 1196 3154 offensionis
1233 3089 1368 3172 aliquid

230 3191 376 3272 habebit,
400 3190 487 3274 quod
509 3187 582 3255 ἄνευ
605 3210 680 3254 raro
702 3190 876 3272 reperitur,
901 3195 937 3254 at
959 3210 1189 3275 saepenumero
1217 3195 1369 3260 occurrit

231 3293 394 3379 particula
432 3290 535 3378 χωρίς.
597 3289 804 3373 Fragmentis
844 3292 928 3356 enim
968 3295 1111 3378 exceptis
1152 3291 1224 3360 άνευ
1259 3295 1369 3361 octies

320 3481 341 3548 1λ
359 3479 422 3533 Huc
448 3477 601 3532 addiderim
627 3475 792 3531 locutionem
820 3473 833 3531 ό
861 3477 917 3532 α’πό
943 3495 1011 3541 τινος
1037 3478 1122 3550 φόβος
1149 3497 1203 3550 qua
1224 3479 1368 3549 Polybius

231 3581 337 3634 semper
357 3565 446 3617 utitur
467 3579 516 3631 pro
539 3558 553 3616 ό
577 3581 646 3623 τινος
675 3559 758 3632 φόβος
776 3564 807 3618 B.
828 3563 902 3620 13.5
927 3563 971 3618 τόν
997 3563 1046 3620 ἀπό
1072 3568 1124 3620 τῶν
1142 3569 1251 3621 Κελτῶν
1275 3565 1368 3638 φόβον

225 3648 269 3706 23.
288 3648 305 3703 3
322 3647 386 3716 πρὸς
404 3647 448 3701 τόν
467 3646 518 3701 άπό
537 3647 636 3702 τούτων
661 3646 744 3718 φόβον
768 3647 809 3702 35.
828 3648 845 3704 9
863 3645 876 3703 ό
896 3648 926 3704 δὲ
944 3647 995 3704 ἀπὸ
1019 3655 1147 3707 Γαλατῶν
1171 3650 1255 3722 φόβος
1278 3649 1321 3706 59.
1351 3653 1371 3708 8

230 3732 478 3796 &tritissimi
504 3732 624 3802 τυράννου
648 3733 731 3804 φόβον
751 3752 790 3804 sq.
816 3738 911 3790 contra
933 3754 981 3805 per
1002 3740 1191 3792 attractionem
1215 3736 1369 3805 intellegas

228 3825 260 3876 Γ.
280 3819 321 3876 16.
339 3821 356 3876 2
375 3819 420 3874 διὰ
436 3818 481 3874 τόν
499 3817 560 3874 άπὸ
580 3822 718 3883 Γαλατῶν,
736 3818 797 3873 τότε
817 3818 847 3873 δὲ
861 3819 906 3874 διὰ
923 3819 967 3874 τόν
986 3820 1048 3876 άπὸ
1067 3823 1255 3892 Καρχηδονίων
1274 3819 1369 3892 φόβον

230 3909 437 3976 περιεστῶτα
449 3902 610 3974 Ῥωμαίους,
630 3924 679 3976 pro
697 3905 781 3976 φόβος
798 3907 915 3974 legimus
934 3907 1065 3977 άσφάλεια
1082 3913 1176 3966 eodem
1195 3909 1275 3962 modo
1292 3924 1368 3963 con-

231 3995 380 4047 structum:
398 3994 431 4046 Γ.
450 3992 491 4048 97.
509 3992 526 4046 7
544 3990 608 4057 πρός
626 4010 655 4044 τε
673 3989 722 4058 τὴν
734 3985 791 4045 ’ἀπὸ
810 3993 863 4045 τῶν
881 3994 1011 4061 πολεμίων
1030 3992 1173 4063 ἀσφάλειαν
1192 3996 1219 4046 Δ.
1238 3991 1292 4046 5.3
1309 3993 1369 4062 τήν

231 4073 282 4128 ἀπὸ
301 4076 464 4130 Μακεδόνων
483 4077 626 4144 ἀσφάλειαν
644 4080 671 4130 Δ.
690 4074 731 4130 84.
751 4075 769 4130 4
787 4093 826 4145 sq.
847 4079 894 4131 cir.
912 4077 971 4132 Rai.
990 4074 1316 4150 KuehnerII,p.28614
1338 4084 1371 4134 ot

231 4176 256 4226 p.
274 4159 326 4214 268
342 4161 470 4216 nnmork.
488 4161 513 4214 2.
